%YAML 1.1
%TAG !u! tag:unity3d.com,2011:
--- !u!1 &183210
GameObject:
  m_ObjectHideFlags: 0
  m_PrefabParentObject: {fileID: 0}
  m_PrefabInternal: {fileID: 100100000}
  serializedVersion: 4
  m_Component:
  - 4: {fileID: 483210}
  m_Layer: 0
  m_Name: Player
  m_TagString: Untagged
  m_Icon: {fileID: 0}
  m_NavMeshLayer: 0
  m_StaticEditorFlags: 0
  m_IsActive: 1
--- !u!1 &183212
GameObject:
  m_ObjectHideFlags: 1
  m_PrefabParentObject: {fileID: 0}
  m_PrefabInternal: {fileID: 100100000}
  serializedVersion: 4
  m_Component:
  - 224: {fileID: 22483210}
  - 222: {fileID: 22283210}
  - 114: {fileID: 11483210}
  m_Layer: 5
  m_Name: Health status
  m_TagString: Untagged
  m_Icon: {fileID: 0}
  m_NavMeshLayer: 0
  m_StaticEditorFlags: 0
  m_IsActive: 1
--- !u!1 &183214
GameObject:
  m_ObjectHideFlags: 0
  m_PrefabParentObject: {fileID: 0}
  m_PrefabInternal: {fileID: 100100000}
  serializedVersion: 4
  m_Component:
  - 224: {fileID: 22483212}
  - 223: {fileID: 22383210}
  - 114: {fileID: 11483214}
  - 114: {fileID: 11483212}
  m_Layer: 5
  m_Name: Canvas
  m_TagString: Untagged
  m_Icon: {fileID: 0}
  m_NavMeshLayer: 0
  m_StaticEditorFlags: 0
  m_IsActive: 1
--- !u!1 &183216
GameObject:
  m_ObjectHideFlags: 1
  m_PrefabParentObject: {fileID: 0}
  m_PrefabInternal: {fileID: 100100000}
  serializedVersion: 4
  m_Component:
  - 4: {fileID: 483212}
  m_Layer: 12
  m_Name: Bone003
  m_TagString: Untagged
  m_Icon: {fileID: 0}
  m_NavMeshLayer: 0
  m_StaticEditorFlags: 0
  m_IsActive: 1
--- !u!1 &183218
GameObject:
  m_ObjectHideFlags: 1
  m_PrefabParentObject: {fileID: 0}
  m_PrefabInternal: {fileID: 100100000}
  serializedVersion: 4
  m_Component:
  - 4: {fileID: 483214}
  m_Layer: 12
  m_Name: Bone009
  m_TagString: Untagged
  m_Icon: {fileID: 0}
  m_NavMeshLayer: 0
  m_StaticEditorFlags: 0
  m_IsActive: 1
--- !u!1 &183220
GameObject:
  m_ObjectHideFlags: 0
  m_PrefabParentObject: {fileID: 0}
  m_PrefabInternal: {fileID: 100100000}
  serializedVersion: 4
  m_Component:
  - 4: {fileID: 483216}
  - 114: {fileID: 11483216}
  - 54: {fileID: 5483210}
  - 95: {fileID: 9583210}
  - 33: {fileID: 3383210}
  - 23: {fileID: 2383210}
  - 65: {fileID: 6583210}
  m_Layer: 0
  m_Name: Character
  m_TagString: Player
  m_Icon: {fileID: 0}
  m_NavMeshLayer: 0
  m_StaticEditorFlags: 0
  m_IsActive: 1
--- !u!1 &183222
GameObject:
  m_ObjectHideFlags: 1
  m_PrefabParentObject: {fileID: 0}
  m_PrefabInternal: {fileID: 100100000}
  serializedVersion: 4
  m_Component:
  - 4: {fileID: 483218}
  m_Layer: 12
  m_Name: Bone012
  m_TagString: Untagged
  m_Icon: {fileID: 0}
  m_NavMeshLayer: 0
  m_StaticEditorFlags: 0
  m_IsActive: 1
--- !u!1 &183224
GameObject:
  m_ObjectHideFlags: 1
  m_PrefabParentObject: {fileID: 0}
  m_PrefabInternal: {fileID: 100100000}
  serializedVersion: 4
  m_Component:
  - 4: {fileID: 483220}
  m_Layer: 12
  m_Name: Reload position
  m_TagString: Untagged
  m_Icon: {fileID: 0}
  m_NavMeshLayer: 0
  m_StaticEditorFlags: 0
  m_IsActive: 1
--- !u!1 &183226
GameObject:
  m_ObjectHideFlags: 1
  m_PrefabParentObject: {fileID: 0}
  m_PrefabInternal: {fileID: 100100000}
  serializedVersion: 4
  m_Component:
  - 4: {fileID: 483222}
  m_Layer: 12
  m_Name: Bone004
  m_TagString: Untagged
  m_Icon: {fileID: 0}
  m_NavMeshLayer: 0
  m_StaticEditorFlags: 0
  m_IsActive: 1
--- !u!1 &183228
GameObject:
  m_ObjectHideFlags: 1
  m_PrefabParentObject: {fileID: 0}
  m_PrefabInternal: {fileID: 100100000}
  serializedVersion: 4
  m_Component:
  - 4: {fileID: 483224}
  m_Layer: 12
  m_Name: Bone005
  m_TagString: Untagged
  m_Icon: {fileID: 0}
  m_NavMeshLayer: 0
  m_StaticEditorFlags: 0
  m_IsActive: 1
--- !u!1 &183230
GameObject:
  m_ObjectHideFlags: 1
  m_PrefabParentObject: {fileID: 0}
  m_PrefabInternal: {fileID: 100100000}
  serializedVersion: 4
  m_Component:
  - 4: {fileID: 483226}
  m_Layer: 12
  m_Name: Bone010
  m_TagString: Untagged
  m_Icon: {fileID: 0}
  m_NavMeshLayer: 0
  m_StaticEditorFlags: 0
  m_IsActive: 1
--- !u!1 &183232
GameObject:
  m_ObjectHideFlags: 1
  m_PrefabParentObject: {fileID: 0}
  m_PrefabInternal: {fileID: 100100000}
  serializedVersion: 4
  m_Component:
  - 4: {fileID: 483228}
  m_Layer: 12
  m_Name: Bone001
  m_TagString: Untagged
  m_Icon: {fileID: 0}
  m_NavMeshLayer: 0
  m_StaticEditorFlags: 0
  m_IsActive: 1
--- !u!1 &183234
GameObject:
  m_ObjectHideFlags: 1
  m_PrefabParentObject: {fileID: 0}
  m_PrefabInternal: {fileID: 100100000}
  serializedVersion: 4
  m_Component:
  - 4: {fileID: 483230}
  - 20: {fileID: 2083210}
  - 124: {fileID: 12483210}
  - 92: {fileID: 9283210}
  m_Layer: 0
  m_Name: First person camera
  m_TagString: Untagged
  m_Icon: {fileID: 0}
  m_NavMeshLayer: 0
  m_StaticEditorFlags: 0
  m_IsActive: 1
--- !u!1 &183236
GameObject:
  m_ObjectHideFlags: 1
  m_PrefabParentObject: {fileID: 0}
  m_PrefabInternal: {fileID: 100100000}
  serializedVersion: 4
  m_Component:
  - 4: {fileID: 483232}
  m_Layer: 12
  m_Name: Bone002
  m_TagString: Untagged
  m_Icon: {fileID: 0}
  m_NavMeshLayer: 0
  m_StaticEditorFlags: 0
  m_IsActive: 1
--- !u!1 &183238
GameObject:
  m_ObjectHideFlags: 1
  m_PrefabParentObject: {fileID: 0}
  m_PrefabInternal: {fileID: 100100000}
  serializedVersion: 4
  m_Component:
  - 4: {fileID: 483234}
  m_Layer: 12
  m_Name: Arrow parent
  m_TagString: Untagged
  m_Icon: {fileID: 0}
  m_NavMeshLayer: 0
  m_StaticEditorFlags: 0
  m_IsActive: 1
--- !u!1 &183240
GameObject:
  m_ObjectHideFlags: 1
  m_PrefabParentObject: {fileID: 0}
  m_PrefabInternal: {fileID: 100100000}
  serializedVersion: 4
  m_Component:
  - 4: {fileID: 483236}
  m_Layer: 12
  m_Name: Bone016
  m_TagString: Untagged
  m_Icon: {fileID: 0}
  m_NavMeshLayer: 0
  m_StaticEditorFlags: 0
  m_IsActive: 1
--- !u!1 &183242
GameObject:
  m_ObjectHideFlags: 1
  m_PrefabParentObject: {fileID: 0}
  m_PrefabInternal: {fileID: 100100000}
  serializedVersion: 4
  m_Component:
  - 4: {fileID: 483238}
  m_Layer: 12
  m_Name: Bone006
  m_TagString: Untagged
  m_Icon: {fileID: 0}
  m_NavMeshLayer: 0
  m_StaticEditorFlags: 0
  m_IsActive: 1
--- !u!1 &183244
GameObject:
  m_ObjectHideFlags: 1
  m_PrefabParentObject: {fileID: 0}
  m_PrefabInternal: {fileID: 100100000}
  serializedVersion: 4
  m_Component:
  - 4: {fileID: 483240}
  m_Layer: 12
  m_Name: Bone011
  m_TagString: Untagged
  m_Icon: {fileID: 0}
  m_NavMeshLayer: 0
  m_StaticEditorFlags: 0
  m_IsActive: 1
--- !u!1 &183246
GameObject:
  m_ObjectHideFlags: 1
  m_PrefabParentObject: {fileID: 0}
  m_PrefabInternal: {fileID: 100100000}
  serializedVersion: 4
  m_Component:
  - 4: {fileID: 483242}
  m_Layer: 12
  m_Name: Bone014
  m_TagString: Untagged
  m_Icon: {fileID: 0}
  m_NavMeshLayer: 0
  m_StaticEditorFlags: 0
  m_IsActive: 1
--- !u!1 &183248
GameObject:
  m_ObjectHideFlags: 1
  m_PrefabParentObject: {fileID: 0}
  m_PrefabInternal: {fileID: 100100000}
  serializedVersion: 4
  m_Component:
  - 4: {fileID: 483244}
  m_Layer: 12
  m_Name: Bone008
  m_TagString: Untagged
  m_Icon: {fileID: 0}
  m_NavMeshLayer: 0
  m_StaticEditorFlags: 0
  m_IsActive: 1
--- !u!1 &183250
GameObject:
  m_ObjectHideFlags: 1
  m_PrefabParentObject: {fileID: 0}
  m_PrefabInternal: {fileID: 100100000}
  serializedVersion: 4
  m_Component:
  - 4: {fileID: 483246}
  - 33: {fileID: 3383212}
  - 23: {fileID: 2383212}
  - 95: {fileID: 9583212}
  - 114: {fileID: 11483218}
  - 64: {fileID: 6483210}
  m_Layer: 0
  m_Name: Sword
  m_TagString: Untagged
  m_Icon: {fileID: 0}
  m_NavMeshLayer: 0
  m_StaticEditorFlags: 0
  m_IsActive: 0
--- !u!1 &183252
GameObject:
  m_ObjectHideFlags: 1
  m_PrefabParentObject: {fileID: 0}
  m_PrefabInternal: {fileID: 100100000}
  serializedVersion: 4
  m_Component:
  - 4: {fileID: 483248}
  m_Layer: 12
  m_Name: Bone007
  m_TagString: Untagged
  m_Icon: {fileID: 0}
  m_NavMeshLayer: 0
  m_StaticEditorFlags: 0
  m_IsActive: 1
--- !u!1 &183254
GameObject:
  m_ObjectHideFlags: 1
  m_PrefabParentObject: {fileID: 0}
  m_PrefabInternal: {fileID: 100100000}
  serializedVersion: 4
  m_Component:
  - 4: {fileID: 483250}
  - 137: {fileID: 13783210}
  m_Layer: 12
  m_Name: Bow
  m_TagString: Untagged
  m_Icon: {fileID: 0}
  m_NavMeshLayer: 0
  m_StaticEditorFlags: 0
  m_IsActive: 1
--- !u!1 &183256
GameObject:
  m_ObjectHideFlags: 1
  m_PrefabParentObject: {fileID: 0}
  m_PrefabInternal: {fileID: 100100000}
  serializedVersion: 4
  m_Component:
  - 4: {fileID: 483252}
  - 114: {fileID: 11483220}
  - 95: {fileID: 9583214}
  m_Layer: 12
  m_Name: Bow
  m_TagString: Untagged
  m_Icon: {fileID: 0}
  m_NavMeshLayer: 0
  m_StaticEditorFlags: 0
  m_IsActive: 0
--- !u!1 &183258
GameObject:
  m_ObjectHideFlags: 1
  m_PrefabParentObject: {fileID: 0}
  m_PrefabInternal: {fileID: 100100000}
  serializedVersion: 4
  m_Component:
  - 4: {fileID: 483254}
  m_Layer: 12
  m_Name: Bone013
  m_TagString: Untagged
  m_Icon: {fileID: 0}
  m_NavMeshLayer: 0
  m_StaticEditorFlags: 0
  m_IsActive: 1
--- !u!1 &183260
GameObject:
  m_ObjectHideFlags: 1
  m_PrefabParentObject: {fileID: 0}
  m_PrefabInternal: {fileID: 100100000}
  serializedVersion: 4
  m_Component:
  - 4: {fileID: 483256}
  m_Layer: 12
  m_Name: Look at point
  m_TagString: Untagged
  m_Icon: {fileID: 0}
  m_NavMeshLayer: 0
  m_StaticEditorFlags: 0
  m_IsActive: 1
--- !u!1 &183262
GameObject:
  m_ObjectHideFlags: 1
  m_PrefabParentObject: {fileID: 0}
  m_PrefabInternal: {fileID: 100100000}
  serializedVersion: 4
  m_Component:
  - 4: {fileID: 483258}
  m_Layer: 12
  m_Name: Bone015
  m_TagString: Untagged
  m_Icon: {fileID: 0}
  m_NavMeshLayer: 0
  m_StaticEditorFlags: 0
  m_IsActive: 1
--- !u!4 &483210
Transform:
  m_ObjectHideFlags: 1
  m_PrefabParentObject: {fileID: 0}
  m_PrefabInternal: {fileID: 100100000}
  m_GameObject: {fileID: 183210}
  m_LocalRotation: {x: 0, y: 0, z: 0, w: 1}
  m_LocalPosition: {x: .00994920731, y: 335.99823, z: -.00225830078}
  m_LocalScale: {x: 1, y: 1, z: 1}
  m_Children:
  - {fileID: 22483212}
  - {fileID: 483216}
  m_Father: {fileID: 0}
  m_RootOrder: 0
--- !u!4 &483212
Transform:
  m_ObjectHideFlags: 1
  m_PrefabParentObject: {fileID: 0}
  m_PrefabInternal: {fileID: 100100000}
  m_GameObject: {fileID: 183216}
  m_LocalRotation: {x: -1.3318879e-14, y: -2.54998252e-13, z: -.0570008717, w: .998374164}
  m_LocalPosition: {x: -.0699609593, y: 4.48897488e-08, z: 1.30739857e-14}
  m_LocalScale: {x: .999999881, y: .999999881, z: 1}
  m_Children:
  - {fileID: 483222}
  m_Father: {fileID: 483232}
  m_RootOrder: 0
--- !u!4 &483214
Transform:
  m_ObjectHideFlags: 1
  m_PrefabParentObject: {fileID: 0}
  m_PrefabInternal: {fileID: 100100000}
  m_GameObject: {fileID: 183218}
  m_LocalRotation: {x: 2.16429052e-15, y: 1.91082967e-15, z: .0605144948, w: .998167336}
  m_LocalPosition: {x: -.0701192915, y: -3.94135711e-08, z: 1.88114768e-09}
  m_LocalScale: {x: 1.00000012, y: 1.00000012, z: 1}
  m_Children:
  - {fileID: 483226}
  m_Father: {fileID: 483244}
  m_RootOrder: 0
--- !u!4 &483216
Transform:
  m_ObjectHideFlags: 1
  m_PrefabParentObject: {fileID: 0}
  m_PrefabInternal: {fileID: 100100000}
  m_GameObject: {fileID: 183220}
  m_LocalRotation: {x: 0, y: 0, z: 0, w: 1}
  m_LocalPosition: {x: -.00994920731, y: -332.978241, z: -2.36774158}
  m_LocalScale: {x: 1, y: 1.70000005, z: 1}
  m_Children:
  - {fileID: 483230}
  - {fileID: 483246}
  - {fileID: 483252}
  m_Father: {fileID: 483210}
  m_RootOrder: 1
--- !u!4 &483218
Transform:
  m_ObjectHideFlags: 1
  m_PrefabParentObject: {fileID: 0}
  m_PrefabInternal: {fileID: 100100000}
  m_GameObject: {fileID: 183222}
  m_LocalRotation: {x: -5.23607646e-15, y: -2.0341888e-15, z: .0487790406, w: .998809636}
  m_LocalPosition: {x: -.0390752479, y: -9.53674295e-09, z: 4.40959408e-10}
  m_LocalScale: {x: 1.00000036, y: 1.00000036, z: 1}
  m_Children:
  - {fileID: 483254}
  m_Father: {fileID: 483240}
  m_RootOrder: 0
--- !u!4 &483220
Transform:
  m_ObjectHideFlags: 1
  m_PrefabParentObject: {fileID: 0}
  m_PrefabInternal: {fileID: 100100000}
  m_GameObject: {fileID: 183224}
  m_LocalRotation: {x: 1, y: -4.37113883e-08, z: -4.37113883e-08, w: 1.91068547e-15}
  m_LocalPosition: {x: 0, y: 0, z: .170000002}
  m_LocalScale: {x: .0102269584, y: .00990417786, z: .990417957}
  m_Children: []
  m_Father: {fileID: 483234}
  m_RootOrder: 0
--- !u!4 &483222
Transform:
  m_ObjectHideFlags: 1
  m_PrefabParentObject: {fileID: 0}
  m_PrefabInternal: {fileID: 100100000}
  m_GameObject: {fileID: 183226}
  m_LocalRotation: {x: -1.72601327e-14, y: -1.93540401e-13, z: -.0967475548, w: .995308995}
  m_LocalPosition: {x: -.0365599915, y: 1.49011612e-08, z: 2.89901431e-14}
  m_LocalScale: {x: .999999881, y: .999999881, z: 1}
  m_Children:
  - {fileID: 483224}
  m_Father: {fileID: 483212}
  m_RootOrder: 0
--- !u!4 &483224
Transform:
  m_ObjectHideFlags: 1
  m_PrefabParentObject: {fileID: 0}
  m_PrefabInternal: {fileID: 100100000}
  m_GameObject: {fileID: 183228}
  m_LocalRotation: {x: 2.80296056e-15, y: 8.00343062e-16, z: -.0445099212, w: .999008954}
  m_LocalPosition: {x: -.0388938598, y: -1.19209282e-08, z: -3.12638811e-14}
  m_LocalScale: {x: 1, y: 1, z: 1}
  m_Children:
  - {fileID: 483238}
  m_Father: {fileID: 483222}
  m_RootOrder: 0
--- !u!4 &483226
Transform:
  m_ObjectHideFlags: 1
  m_PrefabParentObject: {fileID: 0}
  m_PrefabInternal: {fileID: 100100000}
  m_GameObject: {fileID: 183230}
  m_LocalRotation: {x: 3.00945068e-15, y: 5.65366921e-15, z: .0986888781, w: .99511838}
  m_LocalPosition: {x: -.0360496938, y: -5.60283659e-08, z: 1.68129699e-09}
  m_LocalScale: {x: 1.00000012, y: 1.00000012, z: 1}
  m_Children:
  - {fileID: 483240}
  m_Father: {fileID: 483214}
  m_RootOrder: 0
--- !u!4 &483228
Transform:
  m_ObjectHideFlags: 1
  m_PrefabParentObject: {fileID: 0}
  m_PrefabInternal: {fileID: 100100000}
  m_GameObject: {fileID: 183232}
  m_LocalRotation: {x: -.00760194566, y: .70706594, z: -.00760194566, w: .70706588}
  m_LocalPosition: {x: -2.02106198e-09, y: -.000919565558, z: -.0462365076}
  m_LocalScale: {x: .99999994, y: .99999994, z: 1}
  m_Children:
  - {fileID: 483232}
  - {fileID: 483244}
  m_Father: {fileID: 483252}
  m_RootOrder: 0
--- !u!4 &483230
Transform:
  m_ObjectHideFlags: 1
  m_PrefabParentObject: {fileID: 0}
  m_PrefabInternal: {fileID: 100100000}
  m_GameObject: {fileID: 183234}
  m_LocalRotation: {x: 0, y: 0, z: 0, w: 1}
  m_LocalPosition: {x: 0, y: .699999988, z: 0}
  m_LocalScale: {x: 1, y: 1, z: 1}
  m_Children: []
  m_Father: {fileID: 483216}
  m_RootOrder: 0
--- !u!4 &483232
Transform:
  m_ObjectHideFlags: 1
  m_PrefabParentObject: {fileID: 0}
  m_PrefabInternal: {fileID: 100100000}
  m_GameObject: {fileID: 183236}
  m_LocalRotation: {x: 2.40859315e-08, y: -5.82600421e-08, z: -.662734509, w: .748854458}
  m_LocalPosition: {x: -.0465848111, y: -4.59607685e-09, z: -1.05160319e-13}
  m_LocalScale: {x: 1.00000024, y: 1.00000024, z: 1}
  m_Children:
  - {fileID: 483212}
  m_Father: {fileID: 483228}
  m_RootOrder: 0
--- !u!4 &483234
Transform:
  m_ObjectHideFlags: 1
  m_PrefabParentObject: {fileID: 0}
  m_PrefabInternal: {fileID: 100100000}
  m_GameObject: {fileID: 183238}
  m_LocalRotation: {x: 0, y: 0, z: 0, w: 1}
  m_LocalPosition: {x: -0, y: -0, z: 0}
  m_LocalScale: {x: -.687499821, y: -.70990622, z: -.141981274}
  m_Children:
  - {fileID: 483220}
  m_Father: {fileID: 483258}
  m_RootOrder: 0
--- !u!4 &483236
Transform:
  m_ObjectHideFlags: 1
  m_PrefabParentObject: {fileID: 0}
  m_PrefabInternal: {fileID: 100100000}
  m_GameObject: {fileID: 183240}
  m_LocalRotation: {x: -1.67353292e-07, y: 1.69812523e-07, z: .701930583, w: .712245345}
  m_LocalPosition: {x: -.0393147096, y: -3.50177287e-09, z: -1.86253148e-11}
  m_LocalScale: {x: 1, y: 1, z: 5}
  m_Children: []
  m_Father: {fileID: 483242}
  m_RootOrder: 1
--- !u!4 &483238
Transform:
  m_ObjectHideFlags: 1
  m_PrefabParentObject: {fileID: 0}
  m_PrefabInternal: {fileID: 100100000}
  m_GameObject: {fileID: 183242}
  m_LocalRotation: {x: 2.24766821e-15, y: 7.98539146e-16, z: -.0432522483, w: .999064207}
  m_LocalPosition: {x: -.0377020836, y: -4.76837148e-09, z: 5.68434189e-14}
  m_LocalScale: {x: 1.00000036, y: 1.00000036, z: 1}
  m_Children:
  - {fileID: 483248}
  m_Father: {fileID: 483224}
  m_RootOrder: 0
--- !u!4 &483240
Transform:
  m_ObjectHideFlags: 1
  m_PrefabParentObject: {fileID: 0}
  m_PrefabInternal: {fileID: 100100000}
  m_GameObject: {fileID: 183244}
  m_LocalRotation: {x: -7.91407785e-15, y: -2.10252106e-15, z: .0409898274, w: .999159575}
  m_LocalPosition: {x: -.0382420532, y: 2.38418574e-09, z: 2.95935476e-09}
  m_LocalScale: {x: .999999702, y: .999999702, z: 1}
  m_Children:
  - {fileID: 483218}
  m_Father: {fileID: 483226}
  m_RootOrder: 0
--- !u!4 &483242
Transform:
  m_ObjectHideFlags: 1
  m_PrefabParentObject: {fileID: 0}
  m_PrefabInternal: {fileID: 100100000}
  m_GameObject: {fileID: 183246}
  m_LocalRotation: {x: .00450363848, y: .707092464, z: .00450344989, w: .707092404}
  m_LocalPosition: {x: -3.4523302e-09, y: .000239915782, z: -.0789801031}
  m_LocalScale: {x: 1, y: .99999994, z: 1}
  m_Children:
  - {fileID: 483258}
  - {fileID: 483236}
  m_Father: {fileID: 483252}
  m_RootOrder: 1
--- !u!4 &483244
Transform:
  m_ObjectHideFlags: 1
  m_PrefabParentObject: {fileID: 0}
  m_PrefabInternal: {fileID: 100100000}
  m_GameObject: {fileID: 183248}
  m_LocalRotation: {x: -5.50993958e-15, y: -2.46982075e-16, z: .677742243, w: .735299587}
  m_LocalPosition: {x: -.0465862155, y: 2.95229241e-09, z: -2.20552458e-13}
  m_LocalScale: {x: 1.00000024, y: 1.00000024, z: 1}
  m_Children:
  - {fileID: 483214}
  m_Father: {fileID: 483228}
  m_RootOrder: 1
--- !u!4 &483246
Transform:
  m_ObjectHideFlags: 1
  m_PrefabParentObject: {fileID: 0}
  m_PrefabInternal: {fileID: 100100000}
  m_GameObject: {fileID: 183250}
  m_LocalRotation: {x: .969145954, y: 0, z: 0, w: -.246487826}
  m_LocalPosition: {x: -.529999971, y: .342999995, z: 1.01100004}
  m_LocalScale: {x: .075000003, y: .075000003, z: .075000003}
  m_Children: []
  m_Father: {fileID: 483216}
  m_RootOrder: 1
--- !u!4 &483248
Transform:
  m_ObjectHideFlags: 1
  m_PrefabParentObject: {fileID: 0}
  m_PrefabInternal: {fileID: 100100000}
  m_GameObject: {fileID: 183252}
  m_LocalRotation: {x: -3.14777708e-15, y: -4.29408435e-16, z: -.0328173563, w: .999461353}
  m_LocalPosition: {x: -.0361745059, y: 4.76837148e-09, z: 2.44426688e-14}
  m_LocalScale: {x: .999999821, y: .999999821, z: 1}
  m_Children: []
  m_Father: {fileID: 483238}
  m_RootOrder: 0
--- !u!4 &483250
Transform:
  m_ObjectHideFlags: 1
  m_PrefabParentObject: {fileID: 0}
  m_PrefabInternal: {fileID: 100100000}
  m_GameObject: {fileID: 183254}
  m_LocalRotation: {x: 5.3385083e-08, y: .707106829, z: .707106829, w: -5.3385083e-08}
  m_LocalPosition: {x: -2.34072761e-09, y: 0, z: .00105168461}
  m_LocalScale: {x: 1, y: 1, z: 1}
  m_Children: []
  m_Father: {fileID: 483252}
  m_RootOrder: 2
--- !u!4 &483252
Transform:
  m_ObjectHideFlags: 1
  m_PrefabParentObject: {fileID: 0}
  m_PrefabInternal: {fileID: 100100000}
  m_GameObject: {fileID: 183256}
  m_LocalRotation: {x: 0, y: 0, z: 0, w: 1}
  m_LocalPosition: {x: -.529999971, y: .600000024, z: 1.20000005}
  m_LocalScale: {x: 3.5999999, y: 3.5999999, z: 3.5999999}
  m_Children:
  - {fileID: 483228}
  - {fileID: 483242}
  - {fileID: 483250}
  - {fileID: 483256}
  m_Father: {fileID: 483216}
  m_RootOrder: 2
--- !u!4 &483254
Transform:
  m_ObjectHideFlags: 1
  m_PrefabParentObject: {fileID: 0}
  m_PrefabInternal: {fileID: 100100000}
  m_GameObject: {fileID: 183258}
  m_LocalRotation: {x: -1.76291506e-15, y: -1.78969888e-15, z: .00753896777, w: .999971569}
  m_LocalPosition: {x: -.0365730487, y: 1.43051144e-08, z: 3.31623706e-09}
  m_LocalScale: {x: .999999642, y: .999999642, z: 1}
  m_Children: []
  m_Father: {fileID: 483218}
  m_RootOrder: 0
--- !u!4 &483256
Transform:
  m_ObjectHideFlags: 1
  m_PrefabParentObject: {fileID: 0}
  m_PrefabInternal: {fileID: 100100000}
  m_GameObject: {fileID: 183260}
  m_LocalRotation: {x: 0, y: 0, z: 0, w: 1}
  m_LocalPosition: {x: 0, y: 0, z: 0}
  m_LocalScale: {x: 1, y: 1, z: 1}
  m_Children: []
  m_Father: {fileID: 483252}
  m_RootOrder: 3
--- !u!4 &483258
Transform:
  m_ObjectHideFlags: 1
  m_PrefabParentObject: {fileID: 0}
  m_PrefabInternal: {fileID: 100100000}
  m_GameObject: {fileID: 183262}
  m_LocalRotation: {x: -5.69541569e-08, y: -1.4290255e-07, z: -.711114585, w: .703076124}
  m_LocalPosition: {x: -.0393150002, y: -2.06379998e-08, z: -4.68609995e-09}
  m_LocalScale: {x: 1, y: 1, z: 5}
  m_Children:
  - {fileID: 483234}
  m_Father: {fileID: 483242}
  m_RootOrder: 0
--- !u!20 &2083210
Camera:
  m_ObjectHideFlags: 1
  m_PrefabParentObject: {fileID: 0}
  m_PrefabInternal: {fileID: 100100000}
  m_GameObject: {fileID: 183234}
  m_Enabled: 1
  serializedVersion: 2
  m_ClearFlags: 1
  m_BackGroundColor: {r: .192156866, g: .301960796, b: .474509805, a: .0196078438}
  m_NormalizedViewPortRect:
    serializedVersion: 2
    x: 0
    y: 0
    width: 1
    height: 1
  near clip plane: .300000012
  far clip plane: 1000
  field of view: 60
  orthographic: 0
  orthographic size: 5
  m_Depth: 0
  m_CullingMask:
    serializedVersion: 2
    m_Bits: 4294967295
  m_RenderingPath: -1
  m_TargetTexture: {fileID: 0}
  m_TargetDisplay: 0
  m_HDR: 0
  m_OcclusionCulling: 1
  m_StereoConvergence: 10
  m_StereoSeparation: .0219999999
--- !u!23 &2383210
Renderer:
  m_ObjectHideFlags: 1
  m_PrefabParentObject: {fileID: 0}
  m_PrefabInternal: {fileID: 100100000}
  m_GameObject: {fileID: 183220}
  m_Enabled: 1
  m_CastShadows: 1
  m_ReceiveShadows: 1
  m_LightmapIndex: 255
  m_LightmapTilingOffset: {x: 1, y: 1, z: 0, w: 0}
  m_Materials:
  - {fileID: 2100000, guid: 610c34267df8b294d8d4032b2458466d, type: 2}
  m_SubsetIndices: 
  m_StaticBatchRoot: {fileID: 0}
  m_UseLightProbes: 0
  m_LightProbeAnchor: {fileID: 0}
  m_ScaleInLightmap: 1
  m_SortingLayerID: 0
  m_SortingOrder: 0
--- !u!23 &2383212
Renderer:
  m_ObjectHideFlags: 1
  m_PrefabParentObject: {fileID: 0}
  m_PrefabInternal: {fileID: 100100000}
  m_GameObject: {fileID: 183250}
  m_Enabled: 1
  m_CastShadows: 1
  m_ReceiveShadows: 1
  m_LightmapIndex: 255
  m_LightmapTilingOffset: {x: 1, y: 1, z: 0, w: 0}
  m_Materials:
  - {fileID: 2100000, guid: dca150a9cf3d8a74ea7520ca7267a71a, type: 2}
  m_SubsetIndices: 
  m_StaticBatchRoot: {fileID: 0}
  m_UseLightProbes: 0
  m_LightProbeAnchor: {fileID: 0}
  m_ScaleInLightmap: 1
  m_SortingLayerID: 0
  m_SortingOrder: 0
--- !u!33 &3383210
MeshFilter:
  m_ObjectHideFlags: 1
  m_PrefabParentObject: {fileID: 0}
  m_PrefabInternal: {fileID: 100100000}
  m_GameObject: {fileID: 183220}
  m_Mesh: {fileID: 10208, guid: 0000000000000000e000000000000000, type: 0}
--- !u!33 &3383212
MeshFilter:
  m_ObjectHideFlags: 1
  m_PrefabParentObject: {fileID: 0}
  m_PrefabInternal: {fileID: 100100000}
  m_GameObject: {fileID: 183250}
  m_Mesh: {fileID: 4300000, guid: 16f0171dac5ad8948813011f3f925ff0, type: 3}
--- !u!54 &5483210
Rigidbody:
  m_ObjectHideFlags: 1
  m_PrefabParentObject: {fileID: 0}
  m_PrefabInternal: {fileID: 100100000}
  m_GameObject: {fileID: 183220}
  serializedVersion: 2
  m_Mass: 1
  m_Drag: 0
  m_AngularDrag: .0500000007
  m_UseGravity: 1
  m_IsKinematic: 0
  m_Interpolate: 0
  m_Constraints: 112
  m_CollisionDetection: 0
--- !u!64 &6483210
MeshCollider:
  m_ObjectHideFlags: 1
  m_PrefabParentObject: {fileID: 0}
  m_PrefabInternal: {fileID: 100100000}
  m_GameObject: {fileID: 183250}
  m_Material: {fileID: 0}
  m_IsTrigger: 1
  m_Enabled: 1
  serializedVersion: 2
  m_SmoothSphereCollisions: 0
  m_Convex: 0
  m_Mesh: {fileID: 4300000, guid: 16f0171dac5ad8948813011f3f925ff0, type: 3}
--- !u!65 &6583210
BoxCollider:
  m_ObjectHideFlags: 1
  m_PrefabParentObject: {fileID: 0}
  m_PrefabInternal: {fileID: 100100000}
  m_GameObject: {fileID: 183220}
  m_Material: {fileID: 0}
  m_IsTrigger: 0
  m_Enabled: 1
  serializedVersion: 2
  m_Size: {x: 1.00000012, y: 2, z: 1.00000024}
  m_Center: {x: 5.96046448e-08, y: 0, z: -8.94069672e-08}
--- !u!92 &9283210
Behaviour:
  m_ObjectHideFlags: 1
  m_PrefabParentObject: {fileID: 0}
  m_PrefabInternal: {fileID: 100100000}
  m_GameObject: {fileID: 183234}
  m_Enabled: 1
--- !u!95 &9583210
Animator:
  serializedVersion: 3
  m_ObjectHideFlags: 1
  m_PrefabParentObject: {fileID: 0}
  m_PrefabInternal: {fileID: 100100000}
  m_GameObject: {fileID: 183220}
  m_Enabled: 1
  m_Avatar: {fileID: 9000000, guid: 5d358a751d193f1489730feb2b09bb35, type: 3}
  m_Controller: {fileID: 9100000, guid: ee191880f20fa644d9e102c36fdfe43b, type: 2}
  m_CullingMode: 0
  m_UpdateMode: 0
  m_ApplyRootMotion: 0
  m_HasTransformHierarchy: 1
  m_AllowConstantClipSamplingOptimization: 1
--- !u!95 &9583212
Animator:
  serializedVersion: 3
  m_ObjectHideFlags: 1
  m_PrefabParentObject: {fileID: 0}
  m_PrefabInternal: {fileID: 100100000}
  m_GameObject: {fileID: 183250}
  m_Enabled: 1
  m_Avatar: {fileID: 9000000, guid: 16f0171dac5ad8948813011f3f925ff0, type: 3}
  m_Controller: {fileID: 9100000, guid: d9e087bbb12b06a40a054e4fe80b7da7, type: 2}
  m_CullingMode: 0
  m_UpdateMode: 0
  m_ApplyRootMotion: 1
  m_HasTransformHierarchy: 1
  m_AllowConstantClipSamplingOptimization: 1
--- !u!95 &9583214
Animator:
  serializedVersion: 3
  m_ObjectHideFlags: 1
  m_PrefabParentObject: {fileID: 0}
  m_PrefabInternal: {fileID: 100100000}
  m_GameObject: {fileID: 183256}
  m_Enabled: 1
  m_Avatar: {fileID: 9000000, guid: 0ab37dcffd86c2c4c9d28c9f26851e2b, type: 3}
  m_Controller: {fileID: 9100000, guid: bbae13c28e54c204d8497ef7839b1d5b, type: 2}
  m_CullingMode: 0
  m_UpdateMode: 0
  m_ApplyRootMotion: 0
  m_HasTransformHierarchy: 1
  m_AllowConstantClipSamplingOptimization: 1
--- !u!114 &11483210
MonoBehaviour:
  m_ObjectHideFlags: 1
  m_PrefabParentObject: {fileID: 0}
  m_PrefabInternal: {fileID: 100100000}
  m_GameObject: {fileID: 183212}
  m_Enabled: 1
  m_EditorHideFlags: 0
  m_Script: {fileID: 708705254, guid: f5f67c52d1564df4a8936ccd202a3bd8, type: 3}
  m_Name: 
  m_EditorClassIdentifier: 
  m_Material: {fileID: 0}
  m_Color: {r: .852941155, g: .852941155, b: .852941155, a: 1}
  m_FontData:
    m_Font: {fileID: 10102, guid: 0000000000000000e000000000000000, type: 0}
    m_FontSize: 300
    m_FontStyle: 0
    m_BestFit: 0
    m_MinSize: 10
    m_MaxSize: 40
    m_Alignment: 0
    m_RichText: 1
    m_HorizontalOverflow: 0
    m_VerticalOverflow: 0
    m_LineSpacing: 1
  m_Text: New Text
--- !u!114 &11483212
MonoBehaviour:
  m_ObjectHideFlags: 1
  m_PrefabParentObject: {fileID: 0}
  m_PrefabInternal: {fileID: 100100000}
  m_GameObject: {fileID: 183214}
  m_Enabled: 1
  m_EditorHideFlags: 0
  m_Script: {fileID: 1301386320, guid: f5f67c52d1564df4a8936ccd202a3bd8, type: 3}
  m_Name: 
  m_EditorClassIdentifier: 
  ignoreReversedGraphics: 1
  blockingObjects: 0
  m_BlockingMask:
    serializedVersion: 2
    m_Bits: 4294967295
--- !u!114 &11483214
MonoBehaviour:
  m_ObjectHideFlags: 1
  m_PrefabParentObject: {fileID: 0}
  m_PrefabInternal: {fileID: 100100000}
  m_GameObject: {fileID: 183214}
  m_Enabled: 1
  m_EditorHideFlags: 0
  m_Script: {fileID: 1980459831, guid: f5f67c52d1564df4a8936ccd202a3bd8, type: 3}
  m_Name: 
  m_EditorClassIdentifier: 
  m_UiScaleMode: 1
  m_ReferencePixelsPerUnit: 100
  m_ScaleFactor: 1
  m_ReferenceResolution: {x: 1920, y: 1080}
  m_ScreenMatchMode: 0
  m_MatchWidthOrHeight: 1
  m_PhysicalUnit: 3
  m_FallbackScreenDPI: 96
  m_DefaultSpriteDPI: 96
  m_DynamicPixelsPerUnit: 1
--- !u!114 &11483216
MonoBehaviour:
  m_ObjectHideFlags: 1
  m_PrefabParentObject: {fileID: 0}
  m_PrefabInternal: {fileID: 100100000}
  m_GameObject: {fileID: 183220}
  m_Enabled: 1
  m_EditorHideFlags: 0
  m_Script: {fileID: 11500000, guid: 670e9a02b2c40704c8a30b5ff3eebd34, type: 3}
  m_Name: 
  m_EditorClassIdentifier: 
  health: 100
  movementSpeed: 10
  jumpHeight: 5
  thirdPersonCamera: {fileID: 0}
  firstPersonCamera: {fileID: 2083210}
  playerRotationSpeed: 150
  rightStickXDeadZone: .100000001
  rightStickYDeadZone: .100000001
  leftStickXDeadZone: .100000001
  leftStickYDeadZone: .100000001
  rightTriggerDeadZone: .300000012
  leftTriggerDeadZone: .300000012
  maxJumpCount: 1
  sword: {fileID: 183250}
  bow: {fileID: 183256}
  healthStatus: {fileID: 11483210}
  canvas: {fileID: 22383210}
  cameraRadius: 8
  cameraDamping: 10
  cameraRotationSpeedX: 150
  cameraRotationSpeedY: 100
  cameraInitialXAngle: 70
  cameraMinXAngle: 50
  cameraMaxXAngle: 90
--- !u!114 &11483218
MonoBehaviour:
  m_ObjectHideFlags: 1
  m_PrefabParentObject: {fileID: 0}
  m_PrefabInternal: {fileID: 100100000}
  m_GameObject: {fileID: 183250}
  m_Enabled: 1
  m_EditorHideFlags: 0
  m_Script: {fileID: 11500000, guid: 9d73c6352fe58b442ab63137f5057515, type: 3}
  m_Name: 
  m_EditorClassIdentifier: 
  damage: 5
  ani: {fileID: 9583212}
--- !u!114 &11483220
MonoBehaviour:
  m_ObjectHideFlags: 1
  m_PrefabParentObject: {fileID: 0}
  m_PrefabInternal: {fileID: 100100000}
  m_GameObject: {fileID: 183256}
  m_Enabled: 1
  m_EditorHideFlags: 0
  m_Script: {fileID: 11500000, guid: caa0a4f00ea14a74598aa664e8658e11, type: 3}
  m_Name: 
  m_EditorClassIdentifier: 
  speed: 15
  reloadPosition: {fileID: 483220}
  arrowParent: {fileID: 483234}
  lookAtPos: {fileID: 483256}
  arrowPrefab: {fileID: 100012, guid: 1141f5a192508a24cbb9154bfca9a035, type: 2}
  ani: {fileID: 9583214}
--- !u!124 &12483210
Behaviour:
  m_ObjectHideFlags: 1
  m_PrefabParentObject: {fileID: 0}
  m_PrefabInternal: {fileID: 100100000}
  m_GameObject: {fileID: 183234}
  m_Enabled: 1
--- !u!137 &13783210
SkinnedMeshRenderer:
  m_ObjectHideFlags: 1
  m_PrefabParentObject: {fileID: 0}
  m_PrefabInternal: {fileID: 100100000}
  m_GameObject: {fileID: 183254}
  m_Enabled: 1
  m_CastShadows: 1
  m_ReceiveShadows: 1
  m_LightmapIndex: 255
  m_LightmapTilingOffset: {x: 1, y: 1, z: 0, w: 0}
  m_Materials:
  - {fileID: 2100000, guid: 43ed44baa80f4ce42b37964018504d9c, type: 2}
  m_SubsetIndices: 
  m_StaticBatchRoot: {fileID: 0}
  m_UseLightProbes: 0
  m_LightProbeAnchor: {fileID: 0}
  m_ScaleInLightmap: 1
  m_SortingLayerID: 0
  m_SortingOrder: 0
  serializedVersion: 2
  m_Quality: 0
  m_UpdateWhenOffscreen: 0
  m_Mesh: {fileID: 4300000, guid: 0ab37dcffd86c2c4c9d28c9f26851e2b, type: 3}
  m_Bones:
  - {fileID: 483254}
  - {fileID: 483240}
  - {fileID: 483218}
  - {fileID: 483214}
  - {fileID: 483226}
  - {fileID: 483244}
  - {fileID: 483258}
  - {fileID: 483236}
  - {fileID: 483228}
  - {fileID: 483232}
  - {fileID: 483248}
  - {fileID: 483224}
  - {fileID: 483238}
  - {fileID: 483222}
  - {fileID: 483212}
  m_BlendShapeWeights: []
  m_RootBone: {fileID: 483228}
  m_AABB:
    m_Center: {x: -.0281962194, y: .00077791512, z: -6.98491931e-09}
    m_Extent: {x: .0330435261, y: .251339078, z: .00507612899}
  m_DirtyAABB: 0
--- !u!222 &22283210
CanvasRenderer:
  m_ObjectHideFlags: 1
  m_PrefabParentObject: {fileID: 0}
  m_PrefabInternal: {fileID: 100100000}
  m_GameObject: {fileID: 183212}
--- !u!223 &22383210
Canvas:
  m_ObjectHideFlags: 1
  m_PrefabParentObject: {fileID: 0}
  m_PrefabInternal: {fileID: 100100000}
  m_GameObject: {fileID: 183214}
  m_Enabled: 1
  serializedVersion: 2
  m_RenderMode: 1
  m_Camera: {fileID: 2083210}
  m_PlaneDistance: 1
  m_PixelPerfect: 1
  m_ReceivesEvents: 1
  m_OverrideSorting: 0
  m_OverridePixelPerfect: 0
  m_SortingLayerID: 0
  m_SortingOrder: 0
--- !u!224 &22483210
RectTransform:
  m_ObjectHideFlags: 1
  m_PrefabParentObject: {fileID: 0}
  m_PrefabInternal: {fileID: 100100000}
  m_GameObject: {fileID: 183212}
  m_LocalRotation: {x: 0, y: 0, z: 0, w: 1}
  m_LocalPosition: {x: 0, y: 0, z: 0}
  m_LocalScale: {x: .150000006, y: .150000006, z: .150000006}
  m_Children: []
  m_Father: {fileID: 22483212}
  m_RootOrder: 0
  m_AnchorMin: {x: .5, y: .5}
  m_AnchorMax: {x: .5, y: .5}
  m_AnchoredPosition: {x: -1015, y: 435}
  m_SizeDelta: {x: 1600, y: 350}
  m_Pivot: {x: .5, y: .5}
--- !u!224 &22483212
RectTransform:
  m_ObjectHideFlags: 1
  m_PrefabParentObject: {fileID: 0}
  m_PrefabInternal: {fileID: 100100000}
  m_GameObject: {fileID: 183214}
  m_LocalRotation: {x: 0, y: 0, z: 0, w: 1}
  m_LocalPosition: {x: 0, y: 0, z: 0}
  m_LocalScale: {x: 0, y: 0, z: 0}
  m_Children:
  - {fileID: 22483210}
  m_Father: {fileID: 483210}
  m_RootOrder: 0
  m_AnchorMin: {x: 0, y: 0}
  m_AnchorMax: {x: 0, y: 0}
  m_AnchoredPosition: {x: 0, y: 0}
  m_SizeDelta: {x: 0, y: 0}
  m_Pivot: {x: 0, y: 0}
--- !u!1001 &100100000
Prefab:
  m_ObjectHideFlags: 1
  serializedVersion: 2
  m_Modification:
    m_TransformParent: {fileID: 0}
    m_Modifications: []
    m_RemovedComponents: []
  m_ParentPrefab: {fileID: 0}
  m_RootGameObject: {fileID: 183210}
  m_IsPrefabParent: 1
  m_IsExploded: 1
