%YAML 1.1
%TAG !u! tag:unity3d.com,2011:
--- !u!91 &9100000
AnimatorController:
  m_ObjectHideFlags: 0
  m_PrefabParentObject: {fileID: 0}
  m_PrefabInternal: {fileID: 0}
  m_Name: Player animations
  serializedVersion: 2
  m_AnimatorParameters:
  - m_Name: WalkSpeed
    m_Type: 1
    m_DefaultFloat: 0
    m_DefaultInt: 0
    m_DefaultBool: 0
    m_Controller: {fileID: 9100000}
  - m_Name: Drew bow
    m_Type: 4
    m_DefaultFloat: 0
    m_DefaultInt: 0
    m_DefaultBool: 0
    m_Controller: {fileID: 9100000}
  - m_Name: Drew sword
    m_Type: 4
    m_DefaultFloat: 0
    m_DefaultInt: 0
    m_DefaultBool: 0
    m_Controller: {fileID: 9100000}
  - m_Name: Health
    m_Type: 1
    m_DefaultFloat: 0
    m_DefaultInt: 0
    m_DefaultBool: 0
    m_Controller: {fileID: 9100000}
  - m_Name: isGrounded
    m_Type: 4
    m_DefaultFloat: 0
    m_DefaultInt: 0
    m_DefaultBool: 0
    m_Controller: {fileID: 9100000}
  - m_Name: Climbing
    m_Type: 4
    m_DefaultFloat: 0
    m_DefaultInt: 0
    m_DefaultBool: 0
    m_Controller: {fileID: 9100000}
  - m_Name: LeftJoyX
    m_Type: 1
    m_DefaultFloat: 0
    m_DefaultInt: 0
    m_DefaultBool: 0
    m_Controller: {fileID: 9100000}
  - m_Name: LeftJoyY
    m_Type: 1
    m_DefaultFloat: 0
    m_DefaultInt: 0
    m_DefaultBool: 0
    m_Controller: {fileID: 9100000}
  - m_Name: Open chest
    m_Type: 4
    m_DefaultFloat: 0
    m_DefaultInt: 0
    m_DefaultBool: 0
    m_Controller: {fileID: 9100000}
  - m_Name: RightTrigger
    m_Type: 1
    m_DefaultFloat: 0
    m_DefaultInt: 0
    m_DefaultBool: 0
    m_Controller: {fileID: 9100000}
  - m_Name: RightTriggerReleased
    m_Type: 4
    m_DefaultFloat: 0
    m_DefaultInt: 0
    m_DefaultBool: 0
    m_Controller: {fileID: 9100000}
  - m_Name: SheetWeapon
    m_Type: 4
    m_DefaultFloat: 0
    m_DefaultInt: 0
    m_DefaultBool: 0
    m_Controller: {fileID: 9100000}
  - m_Name: DrawWeapon
    m_Type: 4
    m_DefaultFloat: 0
    m_DefaultInt: 0
    m_DefaultBool: 0
    m_Controller: {fileID: 9100000}
  - m_Name: JumpButtonPressed
    m_Type: 4
    m_DefaultFloat: 0
    m_DefaultInt: 0
    m_DefaultBool: 0
    m_Controller: {fileID: 9100000}
  - m_Name: BlockButtonPressed
    m_Type: 4
    m_DefaultFloat: 0
    m_DefaultInt: 0
    m_DefaultBool: 0
    m_Controller: {fileID: 9100000}
  - m_Name: HeavyAttackButtonPressed
    m_Type: 4
    m_DefaultFloat: 0
    m_DefaultInt: 0
    m_DefaultBool: 0
    m_Controller: {fileID: 9100000}
  - m_Name: StabButtonPressed
    m_Type: 4
    m_DefaultFloat: 0
    m_DefaultInt: 0
    m_DefaultBool: 0
    m_Controller: {fileID: 9100000}
  - m_Name: HorizontalAttackButtonPressed
    m_Type: 4
    m_DefaultFloat: 0
    m_DefaultInt: 0
    m_DefaultBool: 0
    m_Controller: {fileID: 9100000}
  - m_Name: VerticalAttackButtonPressed
    m_Type: 4
    m_DefaultFloat: 0
    m_DefaultInt: 0
    m_DefaultBool: 0
    m_Controller: {fileID: 9100000}
  m_AnimatorLayers:
  - serializedVersion: 3
    m_Name: Base Layer
    m_StateMachine: {fileID: 110750654}
    m_Mask: {fileID: 0}
    m_BlendingMode: 0
    m_SyncedLayerIndex: -1
    m_StateMachineMotionSetIndex: 0
    m_DefaultWeight: 0
    m_IKPass: 0
    m_SyncedLayerAffectsTiming: 0
    m_Controller: {fileID: 9100000}
  - serializedVersion: 3
    m_Name: UpperBody
    m_StateMachine: {fileID: 110725768}
    m_Mask: {fileID: 101100000, guid: cba9271060147b24ba31878ee42f997f, type: 2}
    m_BlendingMode: 0
    m_SyncedLayerIndex: -1
    m_StateMachineMotionSetIndex: 0
    m_DefaultWeight: 0
    m_IKPass: 0
    m_SyncedLayerAffectsTiming: 0
    m_Controller: {fileID: 9100000}
  - serializedVersion: 3
    m_Name: LowerBody
    m_StateMachine: {fileID: 110701786}
    m_Mask: {fileID: 101100000, guid: ef31cf0663ea5a54c8ee9ec510a2bb70, type: 2}
    m_BlendingMode: 0
    m_SyncedLayerIndex: -1
    m_StateMachineMotionSetIndex: 0
    m_DefaultWeight: .5
    m_IKPass: 0
    m_SyncedLayerAffectsTiming: 0
    m_Controller: {fileID: 9100000}
--- !u!1101 &110100816
Transition:
  serializedVersion: 2
  m_ObjectHideFlags: 3
  m_PrefabParentObject: {fileID: 0}
  m_PrefabInternal: {fileID: 0}
  m_Name: 
  m_SrcState: {fileID: 110203588}
  m_DstState: {fileID: 110253280}
  m_TransitionDuration: 7.49999952
  m_TransitionOffset: 0
  m_Conditions:
  - m_ConditionMode: 1
    m_ConditionEvent: Open chest
    m_EventTreshold: 0
    m_ExitTime: 0
  m_Atomic: 1
  m_Solo: 0
  m_Mute: 0
  m_CanTransitionToSelf: 0
--- !u!1101 &110115390
Transition:
  serializedVersion: 2
  m_ObjectHideFlags: 3
  m_PrefabParentObject: {fileID: 0}
  m_PrefabInternal: {fileID: 0}
  m_Name: 
  m_SrcState: {fileID: 110293864}
  m_DstState: {fileID: 110248880}
  m_TransitionDuration: .0681818202
  m_TransitionOffset: 0
  m_Conditions:
  - m_ConditionMode: 1
    m_ConditionEvent: JumpButtonPressed
    m_EventTreshold: 0
    m_ExitTime: .931818187
  m_Atomic: 1
  m_Solo: 0
  m_Mute: 0
  m_CanTransitionToSelf: 0
--- !u!1101 &110124176
Transition:
  serializedVersion: 2
  m_ObjectHideFlags: 3
  m_PrefabParentObject: {fileID: 0}
  m_PrefabInternal: {fileID: 0}
  m_Name: 
  m_SrcState: {fileID: 110203588}
  m_DstState: {fileID: 110213856}
  m_TransitionDuration: 7.49999952
  m_TransitionOffset: 0
  m_Conditions:
  - m_ConditionMode: 4
    m_ConditionEvent: Health
    m_EventTreshold: .100000001
    m_ExitTime: 0
  m_Atomic: 1
  m_Solo: 0
  m_Mute: 0
  m_CanTransitionToSelf: 0
--- !u!1101 &110127666
Transition:
  serializedVersion: 2
  m_ObjectHideFlags: 3
  m_PrefabParentObject: {fileID: 0}
  m_PrefabInternal: {fileID: 0}
  m_Name: 
  m_SrcState: {fileID: 0}
  m_DstState: {fileID: 110226794}
  m_TransitionDuration: .100000001
  m_TransitionOffset: 0
  m_Conditions:
  - m_ConditionMode: 1
    m_ConditionEvent: Drew sword
    m_EventTreshold: 0
    m_ExitTime: .899999976
  - m_ConditionMode: 2
    m_ConditionEvent: SheetWeapon
    m_EventTreshold: 0
    m_ExitTime: .899999976
  m_Atomic: 1
  m_Solo: 0
  m_Mute: 0
  m_CanTransitionToSelf: 0
--- !u!1101 &110128512
Transition:
  serializedVersion: 2
  m_ObjectHideFlags: 3
  m_PrefabParentObject: {fileID: 0}
  m_PrefabInternal: {fileID: 0}
  m_Name: 
  m_SrcState: {fileID: 110222332}
  m_DstState: {fileID: 110297722}
  m_TransitionDuration: .100000001
  m_TransitionOffset: 0
  m_Conditions:
  - m_ConditionMode: 2
    m_ConditionEvent: Drew bow
    m_EventTreshold: 0
    m_ExitTime: .899999976
  - m_ConditionMode: 1
    m_ConditionEvent: Drew sword
    m_EventTreshold: 0
    m_ExitTime: .899999976
  - m_ConditionMode: 1
    m_ConditionEvent: JumpButtonPressed
    m_EventTreshold: 0
    m_ExitTime: .899999976
  m_Atomic: 1
  m_Solo: 0
  m_Mute: 0
  m_CanTransitionToSelf: 0
--- !u!1101 &110128732
Transition:
  serializedVersion: 2
  m_ObjectHideFlags: 3
  m_PrefabParentObject: {fileID: 0}
  m_PrefabInternal: {fileID: 0}
  m_Name: 
  m_SrcState: {fileID: 0}
  m_DstState: {fileID: 110212976}
  m_TransitionDuration: .100000001
  m_TransitionOffset: 0
  m_Conditions:
  - m_ConditionMode: 5
    m_ConditionEvent: 
    m_EventTreshold: 0
    m_ExitTime: .899999976
  m_Atomic: 1
  m_Solo: 0
  m_Mute: 0
  m_CanTransitionToSelf: 0
--- !u!1101 &110129460
Transition:
  serializedVersion: 2
  m_ObjectHideFlags: 3
  m_PrefabParentObject: {fileID: 0}
  m_PrefabInternal: {fileID: 0}
  m_Name: 
  m_SrcState: {fileID: 110226580}
  m_DstState: {fileID: 110206720}
  m_TransitionDuration: .0681818202
  m_TransitionOffset: 0
  m_Conditions:
  - m_ConditionMode: 5
    m_ConditionEvent: 
    m_EventTreshold: 0
    m_ExitTime: .931818187
  m_Atomic: 1
  m_Solo: 0
  m_Mute: 0
  m_CanTransitionToSelf: 0
--- !u!1101 &110131560
Transition:
  serializedVersion: 2
  m_ObjectHideFlags: 3
  m_PrefabParentObject: {fileID: 0}
  m_PrefabInternal: {fileID: 0}
  m_Name: 
  m_SrcState: {fileID: 0}
  m_DstState: {fileID: 110221738}
  m_TransitionDuration: .100000001
  m_TransitionOffset: 0
  m_Conditions:
  - m_ConditionMode: 1
    m_ConditionEvent: DrawWeapon
    m_EventTreshold: 0
    m_ExitTime: .899999976
  - m_ConditionMode: 2
    m_ConditionEvent: Drew bow
    m_EventTreshold: 0
    m_ExitTime: .899999976
  m_Atomic: 1
  m_Solo: 0
  m_Mute: 0
  m_CanTransitionToSelf: 0
--- !u!1101 &110134834
Transition:
  serializedVersion: 2
  m_ObjectHideFlags: 3
  m_PrefabParentObject: {fileID: 0}
  m_PrefabInternal: {fileID: 0}
  m_Name: 
  m_SrcState: {fileID: 110203588}
  m_DstState: {fileID: 110251776}
  m_TransitionDuration: 7.49999952
  m_TransitionOffset: 0
  m_Conditions:
  - m_ConditionMode: 1
    m_ConditionEvent: Climbing
    m_EventTreshold: 0
    m_ExitTime: 0
  - m_ConditionMode: 4
    m_ConditionEvent: LeftJoyY
    m_EventTreshold: 0
    m_ExitTime: 0
  m_Atomic: 1
  m_Solo: 0
  m_Mute: 0
  m_CanTransitionToSelf: 0
--- !u!1101 &110135186
Transition:
  serializedVersion: 2
  m_ObjectHideFlags: 3
  m_PrefabParentObject: {fileID: 0}
  m_PrefabInternal: {fileID: 0}
  m_Name: 
  m_SrcState: {fileID: 110260072}
  m_DstState: {fileID: 110297722}
  m_TransitionDuration: 75.0269012
  m_TransitionOffset: 0
  m_Conditions:
  - m_ConditionMode: 2
    m_ConditionEvent: Drew bow
    m_EventTreshold: 0
    m_ExitTime: 0
  - m_ConditionMode: 1
    m_ConditionEvent: Drew sword
    m_EventTreshold: 0
    m_ExitTime: 0
  - m_ConditionMode: 1
    m_ConditionEvent: JumpButtonPressed
    m_EventTreshold: 0
    m_ExitTime: 0
  m_Atomic: 1
  m_Solo: 0
  m_Mute: 0
  m_CanTransitionToSelf: 0
--- !u!1101 &110135188
Transition:
  serializedVersion: 2
  m_ObjectHideFlags: 3
  m_PrefabParentObject: {fileID: 0}
  m_PrefabInternal: {fileID: 0}
  m_Name: 
  m_SrcState: {fileID: 110203588}
  m_DstState: {fileID: 110258858}
  m_TransitionDuration: 7.49999952
  m_TransitionOffset: 0
  m_Conditions:
  - m_ConditionMode: 3
    m_ConditionEvent: WalkSpeed
    m_EventTreshold: .150000006
    m_ExitTime: 0
  - m_ConditionMode: 1
    m_ConditionEvent: Drew bow
    m_EventTreshold: 0
    m_ExitTime: 0
  - m_ConditionMode: 2
    m_ConditionEvent: Drew sword
    m_EventTreshold: 0
    m_ExitTime: 0
  m_Atomic: 1
  m_Solo: 0
  m_Mute: 0
  m_CanTransitionToSelf: 0
--- !u!1101 &110136828
Transition:
  serializedVersion: 2
  m_ObjectHideFlags: 3
  m_PrefabParentObject: {fileID: 0}
  m_PrefabInternal: {fileID: 0}
  m_Name: 
  m_SrcState: {fileID: 0}
  m_DstState: {fileID: 110299732}
  m_TransitionDuration: .100000001
  m_TransitionOffset: 0
  m_Conditions:
  - m_ConditionMode: 1
    m_ConditionEvent: Drew bow
    m_EventTreshold: 0
    m_ExitTime: .899999976
  - m_ConditionMode: 1
    m_ConditionEvent: BlockButtonPressed
    m_EventTreshold: 0
    m_ExitTime: .899999976
  m_Atomic: 1
  m_Solo: 0
  m_Mute: 0
  m_CanTransitionToSelf: 0
--- !u!1101 &110137540
Transition:
  serializedVersion: 2
  m_ObjectHideFlags: 3
  m_PrefabParentObject: {fileID: 0}
  m_PrefabInternal: {fileID: 0}
  m_Name: 
  m_SrcState: {fileID: 0}
  m_DstState: {fileID: 110211980}
  m_TransitionDuration: .100000001
  m_TransitionOffset: 0
  m_Conditions:
  - m_ConditionMode: 1
    m_ConditionEvent: Drew bow
    m_EventTreshold: 0
    m_ExitTime: .899999976
  - m_ConditionMode: 3
    m_ConditionEvent: RightTrigger
    m_EventTreshold: .0500000007
    m_ExitTime: .899999976
  m_Atomic: 1
  m_Solo: 0
  m_Mute: 0
  m_CanTransitionToSelf: 0
--- !u!1101 &110139100
Transition:
  serializedVersion: 2
  m_ObjectHideFlags: 3
  m_PrefabParentObject: {fileID: 0}
  m_PrefabInternal: {fileID: 0}
  m_Name: 
  m_SrcState: {fileID: 0}
  m_DstState: {fileID: 110293864}
  m_TransitionDuration: .100000001
  m_TransitionOffset: 0
  m_Conditions:
  - m_ConditionMode: 4
    m_ConditionEvent: LeftJoyY
    m_EventTreshold: -.150000006
    m_ExitTime: .899999976
  - m_ConditionMode: 2
    m_ConditionEvent: Drew bow
    m_EventTreshold: 0
    m_ExitTime: .899999976
  - m_ConditionMode: 2
    m_ConditionEvent: Drew sword
    m_EventTreshold: 0
    m_ExitTime: .899999976
  m_Atomic: 1
  m_Solo: 0
  m_Mute: 0
  m_CanTransitionToSelf: 0
--- !u!1101 &110139202
Transition:
  serializedVersion: 2
  m_ObjectHideFlags: 3
  m_PrefabParentObject: {fileID: 0}
  m_PrefabInternal: {fileID: 0}
  m_Name: 
  m_SrcState: {fileID: 110286128}
  m_DstState: {fileID: 110222332}
  m_TransitionDuration: .0625
  m_TransitionOffset: 0
  m_Conditions:
  - m_ConditionMode: 2
    m_ConditionEvent: Drew sword
    m_EventTreshold: 0
    m_ExitTime: .9375
  - m_ConditionMode: 1
    m_ConditionEvent: Drew bow
    m_EventTreshold: 0
    m_ExitTime: .9375
  - m_ConditionMode: 1
    m_ConditionEvent: JumpButtonPressed
    m_EventTreshold: 0
    m_ExitTime: .9375
  m_Atomic: 1
  m_Solo: 0
  m_Mute: 0
  m_CanTransitionToSelf: 0
--- !u!1101 &110146480
Transition:
  serializedVersion: 2
  m_ObjectHideFlags: 3
  m_PrefabParentObject: {fileID: 0}
  m_PrefabInternal: {fileID: 0}
  m_Name: 
  m_SrcState: {fileID: 0}
  m_DstState: {fileID: 110227342}
  m_TransitionDuration: .000760673487
  m_TransitionOffset: 0
  m_Conditions:
  - m_ConditionMode: 1
    m_ConditionEvent: Drew sword
    m_EventTreshold: 0
    m_ExitTime: .999239326
  - m_ConditionMode: 1
    m_ConditionEvent: HeavyAttackButtonPressed
    m_EventTreshold: 0
    m_ExitTime: .999239326
  m_Atomic: 1
  m_Solo: 0
  m_Mute: 0
  m_CanTransitionToSelf: 0
--- !u!1101 &110148708
Transition:
  serializedVersion: 2
  m_ObjectHideFlags: 3
  m_PrefabParentObject: {fileID: 0}
  m_PrefabInternal: {fileID: 0}
  m_Name: 
  m_SrcState: {fileID: 0}
  m_DstState: {fileID: 110287632}
  m_TransitionDuration: .100000001
  m_TransitionOffset: 0
  m_Conditions:
  - m_ConditionMode: 1
    m_ConditionEvent: Jump
    m_EventTreshold: 0
    m_ExitTime: .899999976
  - m_ConditionMode: 1
    m_ConditionEvent: Drew sword
    m_EventTreshold: 0
    m_ExitTime: .899999976
  - m_ConditionMode: 2
    m_ConditionEvent: Drew bow
    m_EventTreshold: 0
    m_ExitTime: .899999976
  - m_ConditionMode: 1
    m_ConditionEvent: JumpButtonPressed
    m_EventTreshold: 0
    m_ExitTime: .899999976
  m_Atomic: 1
  m_Solo: 0
  m_Mute: 0
  m_CanTransitionToSelf: 0
--- !u!1101 &110154594
Transition:
  serializedVersion: 2
  m_ObjectHideFlags: 3
  m_PrefabParentObject: {fileID: 0}
  m_PrefabInternal: {fileID: 0}
  m_Name: 
  m_SrcState: {fileID: 0}
  m_DstState: {fileID: 110238218}
  m_TransitionDuration: .100000001
  m_TransitionOffset: 0
  m_Conditions:
  - m_ConditionMode: 5
    m_ConditionEvent: 
    m_EventTreshold: 0
    m_ExitTime: .899999976
  - m_ConditionMode: 3
    m_ConditionEvent: RightTrigger
    m_EventTreshold: .949999988
    m_ExitTime: .899999976
  - m_ConditionMode: 1
    m_ConditionEvent: RightTriggerReleased
    m_EventTreshold: 0
    m_ExitTime: .899999976
  m_Atomic: 1
  m_Solo: 0
  m_Mute: 0
  m_CanTransitionToSelf: 0
--- !u!1101 &110154986
Transition:
  serializedVersion: 2
  m_ObjectHideFlags: 3
  m_PrefabParentObject: {fileID: 0}
  m_PrefabInternal: {fileID: 0}
  m_Name: 
  m_SrcState: {fileID: 0}
  m_DstState: {fileID: 110286832}
  m_TransitionDuration: .100000001
  m_TransitionOffset: 0
  m_Conditions:
  - m_ConditionMode: 1
    m_ConditionEvent: SheetWeapon
    m_EventTreshold: 0
    m_ExitTime: .899999976
  - m_ConditionMode: 1
    m_ConditionEvent: Drew bow
    m_EventTreshold: 0
    m_ExitTime: .899999976
  m_Atomic: 1
  m_Solo: 0
  m_Mute: 0
  m_CanTransitionToSelf: 0
--- !u!1101 &110159816
Transition:
  serializedVersion: 2
  m_ObjectHideFlags: 3
  m_PrefabParentObject: {fileID: 0}
  m_PrefabInternal: {fileID: 0}
  m_Name: 
  m_SrcState: {fileID: 110212976}
  m_DstState: {fileID: 110260072}
  m_TransitionDuration: 7.49999952
  m_TransitionOffset: 0
  m_Conditions:
  - m_ConditionMode: 1
    m_ConditionEvent: Drew bow
    m_EventTreshold: 0
    m_ExitTime: 0
  m_Atomic: 1
  m_Solo: 0
  m_Mute: 0
  m_CanTransitionToSelf: 0
--- !u!1101 &110161496
Transition:
  serializedVersion: 2
  m_ObjectHideFlags: 3
  m_PrefabParentObject: {fileID: 0}
  m_PrefabInternal: {fileID: 0}
  m_Name: 
  m_SrcState: {fileID: 110203588}
  m_DstState: {fileID: 110269160}
  m_TransitionDuration: 7.49999952
  m_TransitionOffset: 0
  m_Conditions:
  - m_ConditionMode: 1
    m_ConditionEvent: Climbing
    m_EventTreshold: 0
    m_ExitTime: 0
  - m_ConditionMode: 3
    m_ConditionEvent: LeftJoyX
    m_EventTreshold: 0
    m_ExitTime: 0
  m_Atomic: 1
  m_Solo: 0
  m_Mute: 0
  m_CanTransitionToSelf: 0
--- !u!1101 &110162088
Transition:
  serializedVersion: 2
  m_ObjectHideFlags: 3
  m_PrefabParentObject: {fileID: 0}
  m_PrefabInternal: {fileID: 0}
  m_Name: 
  m_SrcState: {fileID: 0}
  m_DstState: {fileID: 110243772}
  m_TransitionDuration: .100000001
  m_TransitionOffset: 0
  m_Conditions:
  - m_ConditionMode: 1
    m_ConditionEvent: DrawWeapon
    m_EventTreshold: 0
    m_ExitTime: .899999976
  - m_ConditionMode: 2
    m_ConditionEvent: Drew sword
    m_EventTreshold: 0
    m_ExitTime: .899999976
  m_Atomic: 1
  m_Solo: 0
  m_Mute: 0
  m_CanTransitionToSelf: 0
--- !u!1101 &110162278
Transition:
  serializedVersion: 2
  m_ObjectHideFlags: 3
  m_PrefabParentObject: {fileID: 0}
  m_PrefabInternal: {fileID: 0}
  m_Name: 
  m_SrcState: {fileID: 110260072}
  m_DstState: {fileID: 110222332}
  m_TransitionDuration: 75.0269012
  m_TransitionOffset: 0
  m_Conditions:
  - m_ConditionMode: 1
    m_ConditionEvent: Drew bow
    m_EventTreshold: 0
    m_ExitTime: 0
  - m_ConditionMode: 1
    m_ConditionEvent: JumpButtonPressed
    m_EventTreshold: 0
    m_ExitTime: 0
  m_Atomic: 1
  m_Solo: 0
  m_Mute: 0
  m_CanTransitionToSelf: 0
--- !u!1101 &110162906
Transition:
  serializedVersion: 2
  m_ObjectHideFlags: 3
  m_PrefabParentObject: {fileID: 0}
  m_PrefabInternal: {fileID: 0}
  m_Name: 
  m_SrcState: {fileID: 0}
  m_DstState: {fileID: 110213872}
  m_TransitionDuration: .100000001
  m_TransitionOffset: 0
  m_Conditions:
  - m_ConditionMode: 5
    m_ConditionEvent: 
    m_EventTreshold: 0
    m_ExitTime: .899999976
  - m_ConditionMode: 2
    m_ConditionEvent: Drew sword
    m_EventTreshold: 0
    m_ExitTime: .899999976
  - m_ConditionMode: 2
    m_ConditionEvent: Drew bow
    m_EventTreshold: 0
    m_ExitTime: .899999976
  - m_ConditionMode: 1
    m_ConditionEvent: JumpButtonPressed
    m_EventTreshold: 0
    m_ExitTime: .899999976
  m_Atomic: 1
  m_Solo: 0
  m_Mute: 0
  m_CanTransitionToSelf: 0
--- !u!1101 &110163134
Transition:
  serializedVersion: 2
  m_ObjectHideFlags: 3
  m_PrefabParentObject: {fileID: 0}
  m_PrefabInternal: {fileID: 0}
  m_Name: 
  m_SrcState: {fileID: 110226580}
  m_DstState: {fileID: 110248880}
  m_TransitionDuration: .0681818202
  m_TransitionOffset: 0
  m_Conditions:
  - m_ConditionMode: 1
    m_ConditionEvent: JumpButtonPressed
    m_EventTreshold: 0
    m_ExitTime: .931818187
  m_Atomic: 1
  m_Solo: 0
  m_Mute: 0
  m_CanTransitionToSelf: 0
--- !u!1101 &110163332
Transition:
  serializedVersion: 2
  m_ObjectHideFlags: 3
  m_PrefabParentObject: {fileID: 0}
  m_PrefabInternal: {fileID: 0}
  m_Name: 
  m_SrcState: {fileID: 0}
  m_DstState: {fileID: 110206612}
  m_TransitionDuration: .100000001
  m_TransitionOffset: 0
  m_Conditions:
  - m_ConditionMode: 5
    m_ConditionEvent: 
    m_EventTreshold: 0
    m_ExitTime: .899999976
  m_Atomic: 1
  m_Solo: 0
  m_Mute: 0
  m_CanTransitionToSelf: 0
--- !u!1101 &110164768
Transition:
  serializedVersion: 2
  m_ObjectHideFlags: 3
  m_PrefabParentObject: {fileID: 0}
  m_PrefabInternal: {fileID: 0}
  m_Name: 
  m_SrcState: {fileID: 0}
  m_DstState: {fileID: 110299098}
  m_TransitionDuration: .100000001
  m_TransitionOffset: 0
  m_Conditions:
  - m_ConditionMode: 1
    m_ConditionEvent: Jump
    m_EventTreshold: 0
    m_ExitTime: .899999976
  - m_ConditionMode: 1
    m_ConditionEvent: Drew bow
    m_EventTreshold: 0
    m_ExitTime: .899999976
  - m_ConditionMode: 2
    m_ConditionEvent: Drew sword
    m_EventTreshold: 0
    m_ExitTime: .899999976
  - m_ConditionMode: 1
    m_ConditionEvent: JumpButtonPressed
    m_EventTreshold: 0
    m_ExitTime: .899999976
  m_Atomic: 1
  m_Solo: 0
  m_Mute: 0
  m_CanTransitionToSelf: 0
--- !u!1101 &110168344
Transition:
  serializedVersion: 2
  m_ObjectHideFlags: 3
  m_PrefabParentObject: {fileID: 0}
  m_PrefabInternal: {fileID: 0}
  m_Name: 
  m_SrcState: {fileID: 0}
  m_DstState: {fileID: 110207370}
  m_TransitionDuration: .00266176462
  m_TransitionOffset: 0
  m_Conditions:
  - m_ConditionMode: 1
    m_ConditionEvent: Drew sword
    m_EventTreshold: 0
    m_ExitTime: .899999976
  - m_ConditionMode: 1
    m_ConditionEvent: VerticalAttackButtonPressed
    m_EventTreshold: 0
    m_ExitTime: .899999976
  m_Atomic: 1
  m_Solo: 0
  m_Mute: 0
  m_CanTransitionToSelf: 0
--- !u!1101 &110170884
Transition:
  serializedVersion: 2
  m_ObjectHideFlags: 3
  m_PrefabParentObject: {fileID: 0}
  m_PrefabInternal: {fileID: 0}
  m_Name: 
  m_SrcState: {fileID: 0}
  m_DstState: {fileID: 110203588}
  m_TransitionDuration: .100000001
  m_TransitionOffset: 0
  m_Conditions:
  - m_ConditionMode: 5
    m_ConditionEvent: 
    m_EventTreshold: 0
    m_ExitTime: .899999976
  m_Atomic: 1
  m_Solo: 0
  m_Mute: 0
  m_CanTransitionToSelf: 0
--- !u!1101 &110173550
Transition:
  serializedVersion: 2
  m_ObjectHideFlags: 3
  m_PrefabParentObject: {fileID: 0}
  m_PrefabInternal: {fileID: 0}
  m_Name: 
  m_SrcState: {fileID: 110286128}
  m_DstState: {fileID: 110297722}
  m_TransitionDuration: .0625
  m_TransitionOffset: 0
  m_Conditions:
  - m_ConditionMode: 1
    m_ConditionEvent: Drew sword
    m_EventTreshold: 0
    m_ExitTime: .9375
  - m_ConditionMode: 1
    m_ConditionEvent: JumpButtonPressed
    m_EventTreshold: 0
    m_ExitTime: .9375
  m_Atomic: 1
  m_Solo: 0
  m_Mute: 0
  m_CanTransitionToSelf: 0
--- !u!1101 &110173804
Transition:
  serializedVersion: 2
  m_ObjectHideFlags: 3
  m_PrefabParentObject: {fileID: 0}
  m_PrefabInternal: {fileID: 0}
  m_Name: 
  m_SrcState: {fileID: 110203588}
  m_DstState: {fileID: 110260728}
  m_TransitionDuration: 7.49999952
  m_TransitionOffset: 0
  m_Conditions:
  - m_ConditionMode: 3
    m_ConditionEvent: WalkSpeed
    m_EventTreshold: .150000006
    m_ExitTime: 0
  - m_ConditionMode: 1
    m_ConditionEvent: Drew sword
    m_EventTreshold: .150000006
    m_ExitTime: 0
  - m_ConditionMode: 2
    m_ConditionEvent: Drew bow
    m_EventTreshold: .150000006
    m_ExitTime: 0
  m_Atomic: 1
  m_Solo: 0
  m_Mute: 0
  m_CanTransitionToSelf: 0
--- !u!1101 &110174398
Transition:
  serializedVersion: 2
  m_ObjectHideFlags: 3
  m_PrefabParentObject: {fileID: 0}
  m_PrefabInternal: {fileID: 0}
  m_Name: 
  m_SrcState: {fileID: 0}
  m_DstState: {fileID: 110246644}
  m_TransitionDuration: .000760495721
  m_TransitionOffset: .0110265138
  m_Conditions:
  - m_ConditionMode: 1
    m_ConditionEvent: Drew sword
    m_EventTreshold: 0
    m_ExitTime: .999239504
  - m_ConditionMode: 1
    m_ConditionEvent: HorizontalAttackButtonPressed
    m_EventTreshold: 0
    m_ExitTime: .999239504
  m_Atomic: 1
  m_Solo: 0
  m_Mute: 0
  m_CanTransitionToSelf: 0
--- !u!1101 &110176200
Transition:
  serializedVersion: 2
  m_ObjectHideFlags: 3
  m_PrefabParentObject: {fileID: 0}
  m_PrefabInternal: {fileID: 0}
  m_Name: 
  m_SrcState: {fileID: 110297722}
  m_DstState: {fileID: 110222332}
  m_TransitionDuration: .125
  m_TransitionOffset: 0
  m_Conditions:
  - m_ConditionMode: 1
    m_ConditionEvent: Drew bow
    m_EventTreshold: 0
    m_ExitTime: .875
  - m_ConditionMode: 2
    m_ConditionEvent: Drew sword
    m_EventTreshold: 0
    m_ExitTime: .875
  - m_ConditionMode: 1
    m_ConditionEvent: JumpButtonPressed
    m_EventTreshold: 0
    m_ExitTime: .875
  m_Atomic: 1
  m_Solo: 0
  m_Mute: 0
  m_CanTransitionToSelf: 0
--- !u!1101 &110179728
Transition:
  serializedVersion: 2
  m_ObjectHideFlags: 3
  m_PrefabParentObject: {fileID: 0}
  m_PrefabInternal: {fileID: 0}
  m_Name: 
  m_SrcState: {fileID: 110293864}
  m_DstState: {fileID: 110206720}
  m_TransitionDuration: .0681818202
  m_TransitionOffset: 0
  m_Conditions:
  - m_ConditionMode: 5
    m_ConditionEvent: 
    m_EventTreshold: 0
    m_ExitTime: .931818187
  m_Atomic: 1
  m_Solo: 0
  m_Mute: 0
  m_CanTransitionToSelf: 0
--- !u!1101 &110179762
Transition:
  serializedVersion: 2
  m_ObjectHideFlags: 3
  m_PrefabParentObject: {fileID: 0}
  m_PrefabInternal: {fileID: 0}
  m_Name: 
  m_SrcState: {fileID: 0}
  m_DstState: {fileID: 110226580}
  m_TransitionDuration: .100000001
  m_TransitionOffset: 0
  m_Conditions:
  - m_ConditionMode: 3
    m_ConditionEvent: LeftJoyY
    m_EventTreshold: .150000006
    m_ExitTime: .899999976
  - m_ConditionMode: 2
    m_ConditionEvent: Drew bow
    m_EventTreshold: 0
    m_ExitTime: .899999976
  - m_ConditionMode: 2
    m_ConditionEvent: Drew sword
    m_EventTreshold: 0
    m_ExitTime: .899999976
  m_Atomic: 1
  m_Solo: 0
  m_Mute: 0
  m_CanTransitionToSelf: 0
--- !u!1101 &110180026
Transition:
  serializedVersion: 2
  m_ObjectHideFlags: 3
  m_PrefabParentObject: {fileID: 0}
  m_PrefabInternal: {fileID: 0}
  m_Name: 
  m_SrcState: {fileID: 110206720}
  m_DstState: {fileID: 110248880}
  m_TransitionDuration: 7.49999952
  m_TransitionOffset: 0
  m_Conditions:
  - m_ConditionMode: 1
    m_ConditionEvent: JumpButtonPressed
    m_EventTreshold: 0
    m_ExitTime: 0
  m_Atomic: 1
  m_Solo: 0
  m_Mute: 0
  m_CanTransitionToSelf: 0
--- !u!1101 &110185750
Transition:
  serializedVersion: 2
  m_ObjectHideFlags: 3
  m_PrefabParentObject: {fileID: 0}
  m_PrefabInternal: {fileID: 0}
  m_Name: 
  m_SrcState: {fileID: 110203588}
  m_DstState: {fileID: 110292004}
  m_TransitionDuration: 7.49999952
  m_TransitionOffset: 0
  m_Conditions:
  - m_ConditionMode: 1
    m_ConditionEvent: Climbing
    m_EventTreshold: 0
    m_ExitTime: 0
  - m_ConditionMode: 3
    m_ConditionEvent: LeftJoyY
    m_EventTreshold: 0
    m_ExitTime: 0
  m_Atomic: 1
  m_Solo: 0
  m_Mute: 0
  m_CanTransitionToSelf: 0
--- !u!1101 &110186858
Transition:
  serializedVersion: 2
  m_ObjectHideFlags: 3
  m_PrefabParentObject: {fileID: 0}
  m_PrefabInternal: {fileID: 0}
  m_Name: 
  m_SrcState: {fileID: 110212976}
  m_DstState: {fileID: 110286128}
  m_TransitionDuration: 7.49999952
  m_TransitionOffset: 0
  m_Conditions:
  - m_ConditionMode: 1
    m_ConditionEvent: Drew sword
    m_EventTreshold: 0
    m_ExitTime: 0
  m_Atomic: 1
  m_Solo: 0
  m_Mute: 0
  m_CanTransitionToSelf: 0
--- !u!1101 &110186910
Transition:
  serializedVersion: 2
  m_ObjectHideFlags: 3
  m_PrefabParentObject: {fileID: 0}
  m_PrefabInternal: {fileID: 0}
  m_Name: 
  m_SrcState: {fileID: 0}
  m_DstState: {fileID: 110264846}
  m_TransitionDuration: .00627397653
  m_TransitionOffset: .00551330997
  m_Conditions:
  - m_ConditionMode: 1
    m_ConditionEvent: Drew sword
    m_EventTreshold: 0
    m_ExitTime: .993726015
  - m_ConditionMode: 1
    m_ConditionEvent: StabButtonPressed
    m_EventTreshold: 0
    m_ExitTime: .993726015
  m_Atomic: 1
  m_Solo: 0
  m_Mute: 0
  m_CanTransitionToSelf: 0
--- !u!1101 &110198746
Transition:
  serializedVersion: 2
  m_ObjectHideFlags: 3
  m_PrefabParentObject: {fileID: 0}
  m_PrefabInternal: {fileID: 0}
  m_Name: 
  m_SrcState: {fileID: 0}
  m_DstState: {fileID: 110206720}
  m_TransitionDuration: .100000001
  m_TransitionOffset: 0
  m_Conditions:
  - m_ConditionMode: 3
    m_ConditionEvent: LeftJoyY
    m_EventTreshold: .100000001
    m_ExitTime: 0
  - m_ConditionMode: 3
    m_ConditionEvent: LeftJoyY
    m_EventTreshold: -.100000001
    m_ExitTime: 0
  - m_ConditionMode: 3
    m_ConditionEvent: Health
    m_EventTreshold: .150000006
    m_ExitTime: 0
  m_Atomic: 1
  m_Solo: 0
  m_Mute: 0
  m_CanTransitionToSelf: 0
--- !u!1102 &110203588
State:
  m_ObjectHideFlags: 3
  m_PrefabParentObject: {fileID: 0}
  m_PrefabInternal: {fileID: 0}
  m_Name: Idle
  m_Speed: 1
  m_CycleOffset: 0
  m_Motions:
  - {fileID: 7400048, guid: 5d358a751d193f1489730feb2b09bb35, type: 3}
  m_ParentStateMachine: {fileID: 110750654}
  m_Position: {x: 24, y: -72, z: 0}
  m_IKOnFeet: 0
  m_Mirror: 0
  m_Tag: 
--- !u!1102 &110206612
State:
  m_ObjectHideFlags: 3
  m_PrefabParentObject: {fileID: 0}
  m_PrefabInternal: {fileID: 0}
  m_Name: Take 001
  m_Speed: 1
  m_CycleOffset: 0
  m_Motions:
  - {fileID: 7400000, guid: 07da6041200fd08458af15c3f855c69d, type: 3}
  m_ParentStateMachine: {fileID: 0}
  m_Position: {x: 316, y: -59, z: 0}
  m_IKOnFeet: 0
  m_Mirror: 0
  m_Tag: 
--- !u!1102 &110206720
State:
  m_ObjectHideFlags: 3
  m_PrefabParentObject: {fileID: 0}
  m_PrefabInternal: {fileID: 0}
  m_Name: Idle
  m_Speed: 1
  m_CycleOffset: 0
  m_Motions:
  - {fileID: 7400048, guid: 5d358a751d193f1489730feb2b09bb35, type: 3}
  m_ParentStateMachine: {fileID: 110701786}
  m_Position: {x: 60, y: -84, z: 0}
  m_IKOnFeet: 0
  m_Mirror: 0
  m_Tag: 
--- !u!1102 &110207370
State:
  m_ObjectHideFlags: 3
  m_PrefabParentObject: {fileID: 0}
  m_PrefabInternal: {fileID: 0}
  m_Name: Hit vertical
  m_Speed: 1
  m_CycleOffset: 0
  m_Motions:
  - {fileID: 7400006, guid: 5d358a751d193f1489730feb2b09bb35, type: 3}
  m_ParentStateMachine: {fileID: 110725768}
  m_Position: {x: 480, y: -240, z: 0}
  m_IKOnFeet: 0
  m_Mirror: 0
  m_Tag: 
--- !u!1102 &110211980
State:
  m_ObjectHideFlags: 3
  m_PrefabParentObject: {fileID: 0}
  m_PrefabInternal: {fileID: 0}
  m_Name: Charge bow
  m_Speed: 1
  m_CycleOffset: 0
  m_Motions:
  - {fileID: 7400036, guid: 5d358a751d193f1489730feb2b09bb35, type: 3}
  m_ParentStateMachine: {fileID: 110725768}
  m_Position: {x: 0, y: -204, z: 0}
  m_IKOnFeet: 0
  m_Mirror: 0
  m_Tag: 
--- !u!1102 &110212976
State:
  m_ObjectHideFlags: 3
  m_PrefabParentObject: {fileID: 0}
  m_PrefabInternal: {fileID: 0}
  m_Name: Idle
  m_Speed: 1
  m_CycleOffset: 0
  m_Motions:
  - {fileID: 7400048, guid: 5d358a751d193f1489730feb2b09bb35, type: 3}
  m_ParentStateMachine: {fileID: 110725768}
  m_Position: {x: 240, y: -264, z: 0}
  m_IKOnFeet: 0
  m_Mirror: 0
  m_Tag: 
--- !u!1102 &110213856
State:
  m_ObjectHideFlags: 3
  m_PrefabParentObject: {fileID: 0}
  m_PrefabInternal: {fileID: 0}
  m_Name: Die
  m_Speed: 1
  m_CycleOffset: 0
  m_Motions:
  - {fileID: 7400044, guid: 5d358a751d193f1489730feb2b09bb35, type: 3}
  m_ParentStateMachine: {fileID: 110750654}
  m_Position: {x: -120, y: -192, z: 0}
  m_IKOnFeet: 0
  m_Mirror: 0
  m_Tag: 
--- !u!1102 &110213872
State:
  m_ObjectHideFlags: 3
  m_PrefabParentObject: {fileID: 0}
  m_PrefabInternal: {fileID: 0}
  m_Name: Jump
  m_Speed: 1
  m_CycleOffset: 0
  m_Motions:
  - {fileID: 7400002, guid: 5d358a751d193f1489730feb2b09bb35, type: 3}
  m_ParentStateMachine: {fileID: 110750654}
  m_Position: {x: -204, y: 204, z: 0}
  m_IKOnFeet: 0
  m_Mirror: 0
  m_Tag: 
--- !u!1102 &110221738
State:
  m_ObjectHideFlags: 3
  m_PrefabParentObject: {fileID: 0}
  m_PrefabInternal: {fileID: 0}
  m_Name: Draw bow
  m_Speed: 1
  m_CycleOffset: 0
  m_Motions:
  - {fileID: 7400034, guid: 5d358a751d193f1489730feb2b09bb35, type: 3}
  m_ParentStateMachine: {fileID: 110725768}
  m_Position: {x: 0, y: -252, z: 0}
  m_IKOnFeet: 0
  m_Mirror: 0
  m_Tag: 
--- !u!1102 &110222332
State:
  m_ObjectHideFlags: 3
  m_PrefabParentObject: {fileID: 0}
  m_PrefabInternal: {fileID: 0}
  m_Name: Jump with bow
  m_Speed: 1
  m_CycleOffset: 0
  m_Motions:
  - {fileID: 0}
  m_ParentStateMachine: {fileID: 110725768}
  m_Position: {x: 336, y: -420, z: 0}
  m_IKOnFeet: 0
  m_Mirror: 0
  m_Tag: 
--- !u!1102 &110225282
State:
  m_ObjectHideFlags: 3
  m_PrefabParentObject: {fileID: 0}
  m_PrefabInternal: {fileID: 0}
  m_Name: New State
  m_Speed: 1
  m_CycleOffset: 0
  m_Motions:
  - {fileID: 7400006, guid: 5d358a751d193f1489730feb2b09bb35, type: 3}
  m_ParentStateMachine: {fileID: 0}
  m_Position: {x: 276, y: -120, z: 0}
  m_IKOnFeet: 0
  m_Mirror: 0
  m_Tag: 
--- !u!1102 &110226580
State:
  m_ObjectHideFlags: 3
  m_PrefabParentObject: {fileID: 0}
  m_PrefabInternal: {fileID: 0}
  m_Name: Walking forwards
  m_Speed: 1
  m_CycleOffset: 0
  m_Motions:
  - {fileID: 7400000, guid: 5d358a751d193f1489730feb2b09bb35, type: 3}
  m_ParentStateMachine: {fileID: 110701786}
  m_Position: {x: -216, y: -84, z: 0}
  m_IKOnFeet: 0
  m_Mirror: 0
  m_Tag: 
--- !u!1102 &110226794
State:
  m_ObjectHideFlags: 3
  m_PrefabParentObject: {fileID: 0}
  m_PrefabInternal: {fileID: 0}
  m_Name: Sheet sword
  m_Speed: 1
  m_CycleOffset: 0
  m_Motions:
  - {fileID: 7400020, guid: 5d358a751d193f1489730feb2b09bb35, type: 3}
  m_ParentStateMachine: {fileID: 110725768}
  m_Position: {x: 480, y: 0, z: 0}
  m_IKOnFeet: 0
  m_Mirror: 0
  m_Tag: 
--- !u!1102 &110227342
State:
  m_ObjectHideFlags: 3
  m_PrefabParentObject: {fileID: 0}
  m_PrefabInternal: {fileID: 0}
  m_Name: Sword heavy blow
  m_Speed: 1
  m_CycleOffset: 0
  m_Motions:
  - {fileID: 7400012, guid: 5d358a751d193f1489730feb2b09bb35, type: 3}
  m_ParentStateMachine: {fileID: 110725768}
  m_Position: {x: 480, y: -96, z: 0}
  m_IKOnFeet: 0
  m_Mirror: 0
  m_Tag: 
--- !u!1102 &110238218
State:
  m_ObjectHideFlags: 3
  m_PrefabParentObject: {fileID: 0}
  m_PrefabInternal: {fileID: 0}
  m_Name: Fire bow
  m_Speed: 1
  m_CycleOffset: 0
  m_Motions:
  - {fileID: 7400038, guid: 5d358a751d193f1489730feb2b09bb35, type: 3}
  m_ParentStateMachine: {fileID: 110725768}
  m_Position: {x: 0, y: -156, z: 0}
  m_IKOnFeet: 0
  m_Mirror: 0
  m_Tag: 
--- !u!1102 &110243772
State:
  m_ObjectHideFlags: 3
  m_PrefabParentObject: {fileID: 0}
  m_PrefabInternal: {fileID: 0}
  m_Name: Draw sword
  m_Speed: 1
  m_CycleOffset: 0
  m_Motions:
  - {fileID: 7400004, guid: 5d358a751d193f1489730feb2b09bb35, type: 3}
  m_ParentStateMachine: {fileID: 110725768}
  m_Position: {x: 480, y: -288, z: 0}
  m_IKOnFeet: 0
  m_Mirror: 0
  m_Tag: 
--- !u!1102 &110246644
State:
  m_ObjectHideFlags: 3
  m_PrefabParentObject: {fileID: 0}
  m_PrefabInternal: {fileID: 0}
  m_Name: Hit horizontal
  m_Speed: 1
  m_CycleOffset: 0
  m_Motions:
  - {fileID: 7400008, guid: 5d358a751d193f1489730feb2b09bb35, type: 3}
  m_ParentStateMachine: {fileID: 110725768}
  m_Position: {x: 480, y: -192, z: 0}
  m_IKOnFeet: 0
  m_Mirror: 0
  m_Tag: 
--- !u!1102 &110248880
State:
  m_ObjectHideFlags: 3
  m_PrefabParentObject: {fileID: 0}
  m_PrefabInternal: {fileID: 0}
  m_Name: Jump
  m_Speed: 1
  m_CycleOffset: 0
  m_Motions:
  - {fileID: 7400002, guid: 5d358a751d193f1489730feb2b09bb35, type: 3}
  m_ParentStateMachine: {fileID: 110701786}
  m_Position: {x: 60, y: -192, z: 0}
  m_IKOnFeet: 0
  m_Mirror: 0
  m_Tag: 
--- !u!1102 &110251776
State:
  m_ObjectHideFlags: 3
  m_PrefabParentObject: {fileID: 0}
  m_PrefabInternal: {fileID: 0}
  m_Name: Climb down
  m_Speed: 1
  m_CycleOffset: 0
  m_Motions:
  - {fileID: 7400042, guid: 5d358a751d193f1489730feb2b09bb35, type: 3}
  m_ParentStateMachine: {fileID: 110750654}
  m_Position: {x: -336, y: -48, z: 0}
  m_IKOnFeet: 0
  m_Mirror: 0
  m_Tag: 
--- !u!1102 &110253280
State:
  m_ObjectHideFlags: 3
  m_PrefabParentObject: {fileID: 0}
  m_PrefabInternal: {fileID: 0}
  m_Name: Open chest
  m_Speed: 1
  m_CycleOffset: 0
  m_Motions:
  - {fileID: 7400032, guid: 5d358a751d193f1489730feb2b09bb35, type: 3}
  m_ParentStateMachine: {fileID: 110750654}
  m_Position: {x: 204, y: -192, z: 0}
  m_IKOnFeet: 0
  m_Mirror: 0
  m_Tag: 
--- !u!1102 &110258858
State:
  m_ObjectHideFlags: 3
  m_PrefabParentObject: {fileID: 0}
  m_PrefabInternal: {fileID: 0}
  m_Name: Walk with bow
  m_Speed: 1
  m_CycleOffset: 0
  m_Motions:
  - {fileID: 7400046, guid: 5d358a751d193f1489730feb2b09bb35, type: 3}
  m_ParentStateMachine: {fileID: 110750654}
  m_Position: {x: 336, y: -120, z: 0}
  m_IKOnFeet: 0
  m_Mirror: 0
  m_Tag: 
--- !u!1102 &110260072
State:
  m_ObjectHideFlags: 3
  m_PrefabParentObject: {fileID: 0}
  m_PrefabInternal: {fileID: 0}
  m_Name: Walking with bow
  m_Speed: 1
  m_CycleOffset: 0
  m_Motions:
  - {fileID: 7400046, guid: 5d358a751d193f1489730feb2b09bb35, type: 3}
  m_ParentStateMachine: {fileID: 110725768}
  m_Position: {x: 336, y: -336, z: 0}
  m_IKOnFeet: 0
  m_Mirror: 0
  m_Tag: 
--- !u!1102 &110260728
State:
  m_ObjectHideFlags: 3
  m_PrefabParentObject: {fileID: 0}
  m_PrefabInternal: {fileID: 0}
  m_Name: Walking with sword
  m_Speed: 1
  m_CycleOffset: 0
  m_Motions:
  - {fileID: 7400016, guid: 5d358a751d193f1489730feb2b09bb35, type: 3}
  m_ParentStateMachine: {fileID: 110750654}
  m_Position: {x: 336, y: -72, z: 0}
  m_IKOnFeet: 0
  m_Mirror: 0
  m_Tag: 
--- !u!1102 &110264762
State:
  m_ObjectHideFlags: 3
  m_PrefabParentObject: {fileID: 0}
  m_PrefabInternal: {fileID: 0}
  m_Name: New State 4
  m_Speed: 1
  m_CycleOffset: 0
  m_Motions:
  - {fileID: 0}
  m_ParentStateMachine: {fileID: 110750654}
  m_Position: {x: -120, y: -472, z: 0}
  m_IKOnFeet: 0
  m_Mirror: 0
  m_Tag: 
--- !u!1102 &110264846
State:
  m_ObjectHideFlags: 3
  m_PrefabParentObject: {fileID: 0}
  m_PrefabInternal: {fileID: 0}
  m_Name: Sword stab
  m_Speed: 1
  m_CycleOffset: 0
  m_Motions:
  - {fileID: 7400010, guid: 5d358a751d193f1489730feb2b09bb35, type: 3}
  m_ParentStateMachine: {fileID: 110725768}
  m_Position: {x: 480, y: -144, z: 0}
  m_IKOnFeet: 0
  m_Mirror: 0
  m_Tag: 
--- !u!1102 &110269160
State:
  m_ObjectHideFlags: 3
  m_PrefabParentObject: {fileID: 0}
  m_PrefabInternal: {fileID: 0}
  m_Name: Climb right
  m_Speed: 1
  m_CycleOffset: 0
  m_Motions:
  - {fileID: 7400030, guid: 5d358a751d193f1489730feb2b09bb35, type: 3}
  m_ParentStateMachine: {fileID: 110750654}
  m_Position: {x: -336, y: -96, z: 0}
  m_IKOnFeet: 0
  m_Mirror: 0
  m_Tag: 
--- !u!1102 &110282220
State:
  m_ObjectHideFlags: 3
  m_PrefabParentObject: {fileID: 0}
  m_PrefabInternal: {fileID: 0}
  m_Name: New State 0
  m_Speed: 1
  m_CycleOffset: 0
  m_Motions:
  - {fileID: 7400008, guid: 5d358a751d193f1489730feb2b09bb35, type: 3}
  m_ParentStateMachine: {fileID: 0}
  m_Position: {x: 48, y: -120, z: 0}
  m_IKOnFeet: 0
  m_Mirror: 0
  m_Tag: 
--- !u!1102 &110286128
State:
  m_ObjectHideFlags: 3
  m_PrefabParentObject: {fileID: 0}
  m_PrefabInternal: {fileID: 0}
  m_Name: Walking with sword
  m_Speed: 1
  m_CycleOffset: 0
  m_Motions:
  - {fileID: 7400016, guid: 5d358a751d193f1489730feb2b09bb35, type: 3}
  m_ParentStateMachine: {fileID: 110725768}
  m_Position: {x: 120, y: -336, z: 0}
  m_IKOnFeet: 0
  m_Mirror: 0
  m_Tag: 
--- !u!1102 &110286832
State:
  m_ObjectHideFlags: 3
  m_PrefabParentObject: {fileID: 0}
  m_PrefabInternal: {fileID: 0}
  m_Name: Sheet bow
  m_Speed: 1
  m_CycleOffset: 0
  m_Motions:
  - {fileID: 7400040, guid: 5d358a751d193f1489730feb2b09bb35, type: 3}
  m_ParentStateMachine: {fileID: 110725768}
  m_Position: {x: 0, y: -108, z: 0}
  m_IKOnFeet: 0
  m_Mirror: 0
  m_Tag: 
--- !u!1102 &110287632
State:
  m_ObjectHideFlags: 3
  m_PrefabParentObject: {fileID: 0}
  m_PrefabInternal: {fileID: 0}
  m_Name: Jump with sword
  m_Speed: 1
  m_CycleOffset: 0
  m_Motions:
  - {fileID: 7400018, guid: 5d358a751d193f1489730feb2b09bb35, type: 3}
  m_ParentStateMachine: {fileID: 110750654}
  m_Position: {x: -204, y: 156, z: 0}
  m_IKOnFeet: 0
  m_Mirror: 0
  m_Tag: 
--- !u!1102 &110292004
State:
  m_ObjectHideFlags: 3
  m_PrefabParentObject: {fileID: 0}
  m_PrefabInternal: {fileID: 0}
  m_Name: Climb up
  m_Speed: 1
  m_CycleOffset: 0
  m_Motions:
  - {fileID: 7400028, guid: 5d358a751d193f1489730feb2b09bb35, type: 3}
  m_ParentStateMachine: {fileID: 110750654}
  m_Position: {x: -336, y: -144, z: 0}
  m_IKOnFeet: 0
  m_Mirror: 0
  m_Tag: 
--- !u!1102 &110293864
State:
  m_ObjectHideFlags: 3
  m_PrefabParentObject: {fileID: 0}
  m_PrefabInternal: {fileID: 0}
  m_Name: Walking backwards
  m_Speed: 1
  m_CycleOffset: 0
  m_Motions:
  - {fileID: 7400000, guid: 5d358a751d193f1489730feb2b09bb35, type: 3}
  m_ParentStateMachine: {fileID: 110701786}
  m_Position: {x: 312, y: -84, z: 0}
  m_IKOnFeet: 0
  m_Mirror: 0
  m_Tag: 
--- !u!1102 &110297722
State:
  m_ObjectHideFlags: 3
  m_PrefabParentObject: {fileID: 0}
  m_PrefabInternal: {fileID: 0}
  m_Name: Jump with sword
  m_Speed: 1
  m_CycleOffset: 0
  m_Motions:
  - {fileID: 7400018, guid: 5d358a751d193f1489730feb2b09bb35, type: 3}
  m_ParentStateMachine: {fileID: 110725768}
  m_Position: {x: 120, y: -420, z: 0}
  m_IKOnFeet: 0
  m_Mirror: 0
  m_Tag: 
--- !u!1102 &110299098
State:
  m_ObjectHideFlags: 3
  m_PrefabParentObject: {fileID: 0}
  m_PrefabInternal: {fileID: 0}
  m_Name: Jump with bow
  m_Speed: 1
  m_CycleOffset: 0
  m_Motions:
  - {fileID: 0}
  m_ParentStateMachine: {fileID: 110750654}
  m_Position: {x: -204, y: 108, z: 0}
  m_IKOnFeet: 0
  m_Mirror: 0
  m_Tag: 
--- !u!1102 &110299732
State:
  m_ObjectHideFlags: 3
  m_PrefabParentObject: {fileID: 0}
  m_PrefabInternal: {fileID: 0}
  m_Name: Sword block
  m_Speed: 1
  m_CycleOffset: 0
  m_Motions:
  - {fileID: 7400014, guid: 5d358a751d193f1489730feb2b09bb35, type: 3}
  m_ParentStateMachine: {fileID: 110725768}
  m_Position: {x: 480, y: -48, z: 0}
  m_IKOnFeet: 0
  m_Mirror: 0
  m_Tag: 
--- !u!1107 &110701786
StateMachine:
  serializedVersion: 2
  m_ObjectHideFlags: 3
  m_PrefabParentObject: {fileID: 0}
  m_PrefabInternal: {fileID: 0}
  m_Name: LowerBody
  m_DefaultState: {fileID: 110206720}
  m_States:
  - {fileID: 110226580}
  - {fileID: 110293864}
  - {fileID: 110206720}
  - {fileID: 110248880}
  m_ChildStateMachine: []
  m_ChildStateMachinePosition: []
  m_OrderedTransitions:
    data:
      first: {fileID: 0}
      second:
      - {fileID: 110179762}
      - {fileID: 110139100}
      - {fileID: 110198746}
    data:
      first: {fileID: 110206720}
      second:
      - {fileID: 110180026}
    data:
      first: {fileID: 110226580}
      second:
      - {fileID: 110129460}
      - {fileID: 110163134}
    data:
      first: {fileID: 110293864}
      second:
      - {fileID: 110179728}
      - {fileID: 110115390}
  m_MotionSetCount: 1
  m_AnyStatePosition: {x: 84, y: 12, z: 0}
  m_ParentStateMachinePosition: {x: 800, y: 20, z: 0}
--- !u!1107 &110725768
StateMachine:
  serializedVersion: 2
  m_ObjectHideFlags: 3
  m_PrefabParentObject: {fileID: 0}
  m_PrefabInternal: {fileID: 0}
  m_Name: UpperBody
  m_DefaultState: {fileID: 110212976}
  m_States:
  - {fileID: 110211980}
  - {fileID: 110221738}
  - {fileID: 110243772}
  - {fileID: 110207370}
  - {fileID: 110246644}
  - {fileID: 110264846}
  - {fileID: 110227342}
  - {fileID: 110299732}
  - {fileID: 110286832}
  - {fileID: 110238218}
  - {fileID: 110226794}
  - {fileID: 110286128}
  - {fileID: 110260072}
  - {fileID: 110222332}
  - {fileID: 110297722}
  - {fileID: 110212976}
  m_ChildStateMachine: []
  m_ChildStateMachinePosition: []
  m_OrderedTransitions:
    data:
      first: {fileID: 0}
      second:
      - {fileID: 110131560}
      - {fileID: 110137540}
      - {fileID: 110154594}
      - {fileID: 110154986}
      - {fileID: 110162088}
      - {fileID: 110168344}
      - {fileID: 110174398}
      - {fileID: 110186910}
      - {fileID: 110146480}
      - {fileID: 110136828}
      - {fileID: 110127666}
      - {fileID: 110128732}
    data:
      first: {fileID: 110212976}
      second:
      - {fileID: 110186858}
      - {fileID: 110159816}
    data:
      first: {fileID: 110211980}
      second: []
    data:
      first: {fileID: 110221738}
      second: []
    data:
      first: {fileID: 110243772}
      second: []
    data:
      first: {fileID: 110207370}
      second: []
    data:
      first: {fileID: 110246644}
      second: []
    data:
      first: {fileID: 110264846}
      second: []
    data:
      first: {fileID: 110227342}
      second: []
    data:
      first: {fileID: 110299732}
      second: []
    data:
      first: {fileID: 110286832}
      second: []
    data:
      first: {fileID: 110238218}
      second: []
    data:
      first: {fileID: 110226794}
      second: []
    data:
      first: {fileID: 110286128}
      second:
      - {fileID: 110173550}
      - {fileID: 110139202}
    data:
      first: {fileID: 110260072}
      second:
      - {fileID: 110162278}
      - {fileID: 110135186}
    data:
      first: {fileID: 110222332}
      second:
      - {fileID: 110128512}
    data:
      first: {fileID: 110297722}
      second:
      - {fileID: 110176200}
  m_MotionSetCount: 1
  m_AnyStatePosition: {x: 264, y: -156, z: 0}
  m_ParentStateMachinePosition: {x: 800, y: 20, z: 0}
--- !u!1107 &110750654
StateMachine:
  serializedVersion: 2
  m_ObjectHideFlags: 3
  m_PrefabParentObject: {fileID: 0}
  m_PrefabInternal: {fileID: 0}
  m_Name: Base Layer
  m_DefaultState: {fileID: 110203588}
  m_States:
  - {fileID: 110260728}
  - {fileID: 110258858}
  - {fileID: 110213856}
  - {fileID: 110292004}
  - {fileID: 110269160}
  - {fileID: 110253280}
  - {fileID: 110251776}
  - {fileID: 110203588}
  m_ChildStateMachine: []
  m_ChildStateMachinePosition: []
  m_OrderedTransitions:
    data:
      first: {fileID: 110203588}
      second:
      - {fileID: 110124176}
      - {fileID: 110100816}
      - {fileID: 110135188}
      - {fileID: 110173804}
      - {fileID: 110185750}
      - {fileID: 110161496}
      - {fileID: 110134834}
    data:
      first: {fileID: 0}
      second:
      - {fileID: 110170884}
    data:
      first: {fileID: 110260728}
      second: []
    data:
      first: {fileID: 110258858}
      second: []
    data:
      first: {fileID: 110213856}
      second: []
    data:
      first: {fileID: 110292004}
      second: []
    data:
      first: {fileID: 110269160}
      second: []
    data:
      first: {fileID: 110253280}
      second: []
    data:
      first: {fileID: 110251776}
      second: []
  m_MotionSetCount: 1
  m_AnyStatePosition: {x: 48, y: 24, z: 0}
  m_ParentStateMachinePosition: {x: 800, y: 20, z: 0}
--- !u!1107 &110757510
StateMachine:
  serializedVersion: 2
  m_ObjectHideFlags: 3
  m_PrefabParentObject: {fileID: 0}
  m_PrefabInternal: {fileID: 0}
  m_Name: Main Layer
  m_DefaultState: {fileID: 110206612}
  m_States:
  - {fileID: 110206612}
  m_ChildStateMachine: []
  m_ChildStateMachinePosition: []
  m_OrderedTransitions:
    data:
      first: {fileID: 0}
      second:
      - {fileID: 110163332}
  m_MotionSetCount: 1
  m_AnyStatePosition: {x: 50, y: 20, z: 0}
  m_ParentStateMachinePosition: {x: 800, y: 20, z: 0}
--- !u!1107 &110792838
StateMachine:
  serializedVersion: 2
  m_ObjectHideFlags: 3
  m_PrefabParentObject: {fileID: 0}
  m_PrefabInternal: {fileID: 0}
  m_Name: New StateMachine
  m_DefaultState: {fileID: 0}
  m_States: []
  m_ChildStateMachine: []
  m_ChildStateMachinePosition: []
  m_OrderedTransitions: {}
  m_MotionSetCount: 2
  m_AnyStatePosition: {x: 50, y: 20, z: 0}
  m_ParentStateMachinePosition: {x: 800, y: 20, z: 0}
